3008 3764
274 266 583 321 Maecenatis,
616 265 833 325 Augusti,
879 263 1093 312 aliorum,
1123 260 1405 318 negotiisque
1441 260 1564 303 circa
1596 267 1734 317 caput
1759 259 1969 316 latusque
2003 259 2265 302 salientibus
2299 261 2431 303 valde
2467 262 2731 304 imminutum

273 345 438 403 fuisse,
472 347 741 405 multumque
783 342 998 401 temporis
1045 339 1243 384 infirmae
1294 354 1383 398 qua
1426 342 1632 384 utebatur
1675 339 1916 383 valetudini
1953 339 2217 397 impendere
2264 348 2468 383 coactum
2510 341 2727 398 simulque

272 429 408 473 tacita
442 429 725 473 meditatione
760 431 807 468 et
839 435 991 466 rerum
1023 420 1313 465 humanarum
1349 420 1728 479 contemplatione
1757 420 1941 464 mirifice
1977 420 2245 464 delectatum
2276 435 2406 475 esse,
2440 423 2591 464 mirum
2621 437 2726 480 pro·

272 507 391 553 fecto
426 509 568 554 videri
596 519 688 550 non
724 504 882 554 debet,
921 500 1041 557 quod
1074 515 1166 543 non
1201 500 1332 558 plura
1359 509 1567 558 poemata
1604 501 1750 544 edidit.

489 666 720 720 Denique,
755 670 803 706 ut
828 661 945 706 haec
976 677 1155 719 quoque
1191 662 1423 719 attingam,
1460 671 1609 708 tuetur
1639 662 1980 720 Peerlkampius
2016 679 2121 710 sese
2157 662 2345 709 Bentleii
2376 663 2604 721 exemplo,
2649 665 2722 721 qui

269 752 337 794 bis
375 749 456 803 (C.
476 744 598 798 4,8,
619 744 687 786 17.
723 743 809 799 Ep.
831 742 875 795 5,
902 741 983 793 873
1018 743 1136 785 addo
1169 756 1225 785 ex
1263 743 1426 786 ceteris
1463 744 1676 799 operibus
1707 742 1754 786 S.
1778 744 1825 797 l,
1856 744 1907 797 4,
1936 745 2016 796 92;
2047 745 2088 798 2,
2117 745 2159 798 2,
2189 744 2269 796 383
2304 744 2361 788 A.
2390 744 2442 787 P.
2472 744 2556 788 337
2591 759 2721 801 quem

269 845 327 875 ex
358 828 481 871 libris
516 823 762 869 trivialibus
796 821 964 866 illatum
995 823 1174 879 censet)
1210 823 1391 880 spurios
1426 837 1589 867 versus
1624 824 1918 882 indagaverit.
1989 825 2120 874 Quod
2154 839 2243 868 nec
2279 839 2365 883 ego
2402 824 2457 866 de
2488 823 2583 867 aliis
2619 839 2718 867 ver-

265 910 391 955 sibus
426 904 687 963 negaverim
716 916 830 960 quos
861 902 1219 947 enumeravimus
1249 902 1294 946 in
1328 901 1558 946 Horatian.
1576 918 1622 961 p.
1648 903 1699 946 11
1738 911 1783 947 et
1815 904 1901 961 ipsi
1936 920 1981 962 p.
2016 904 2058 947 4.
2088 905 2116 948 5
2149 919 2192 948 n.
2231 905 2319 948 duo
2358 904 2554 948 carmina
2588 904 2717 962 signi-

265 985 527 1038 ficavimus,
563 997 679 1041 quae
710 984 767 1027 ab
803 980 989 1026 Horatio
1019 979 1229 1038 profecta
1265 995 1370 1026 esse
1405 996 1546 1039 posse
1582 982 1650 1028 sic
1678 989 1727 1027 ut
1765 982 1898 1028 hodie
1928 982 2156 1042 legantur,
2194 998 2314 1029 nunc
2350 996 2529 1041 quoque
2559 996 2717 1041 perne—

264 1083 434 1124 gamus.
504 1064 765 1109 Verendum
800 1070 947 1116 autem
982 1062 1183 1116 videtur,
1218 1077 1276 1106 ne
1307 1062 1634 1120 Peerlkampus
1670 1071 1796 1108 ratus
1834 1063 2082 1108 Bentleium
2101 1064 2231 1122 plura
2252 1064 2409 1122 spuria
2428 1064 2719 1108 iudicaturum

262 1148 403 1191 fuisse
438 1147 478 1190 si
513 1145 673 1189 diutius
705 1158 890 1200 operam
924 1150 1145 1186 navasset
1161 1141 1370 1196 Horatio,
1398 1159 1500 1187 nam
1518 1142 1710 1188 divinum
1737 1151 1783 1187 at
1801 1144 1991 1189 subitum
2021 1145 2116 1189 eius
2143 1162 2255 1203 opus
2285 1144 2489 1203 appellat
2518 1163 2562 1202 p.
2575 1142 2716 1198 XXV,

264 1228 407 1270 eximii
441 1226 524 1269 viri
561 1223 882 1267 dissimulantia
907 1223 1097 1279 quadam
1136 1223 1283 1279 decipi
1318 1238 1370 1266 se
1401 1239 1569 1281 passus
1605 1224 1675 1267 sit.
1746 1223 1860 1267 Nam
1897 1234 2019 1268 certe
2054 1226 2248 1269 sedecim
2283 1225 2411 1268 annis
2447 1233 2552 1267 ante
2589 1239 2719 1280 quam

260 1308 471 1351 Flaccum
507 1305 664 1347 ederet
695 1304 783 1346 iam
814 1304 858 1345 in
880 1296 1009 1346 Notis
1045 1304 1104 1345 ad
1125 1303 1442 1347 Callimachum
1477 1304 1828 1346 emendationem
1857 1320 1900 1347 v.
1936 1305 2018 1346 441
2056 1305 2112 1347 A.
2133 1306 2182 1347 P.
2219 1315 2302 1348 ter
2336 1306 2486 1348 natis
2523 1322 2567 1361 p.
2599 1314 2715 1347 tor·

260 1388 409 1431 natis
444 1385 651 1443 protulit,
688 1398 820 1441 quam
856 1391 1022 1442 postea
1054 1384 1098 1426 in
1136 1384 1328 1427 editione
1364 1392 1527 1442 poetae
1562 1384 1826 1441 longissima
1850 1385 1984 1428 totius
2015 1386 2165 1442 operis
2202 1394 2245 1428 et
2279 1385 2541 1442 plenissima
2557 1399 2712 1442 super-

259 1470 358 1513 biae
392 1466 623 1525 quaesitae
660 1466 825 1511 meritis
862 1465 1151 1510 annotatione
1185 1466 1353 1510 munire
1386 1473 1430 1509 et
1465 1466 1765 1510 corroborare
1790 1473 1980 1510 conatus
2012 1472 2095 1511 est.

479 1629 614 1686 Igitur
644 1643 799 1685 quum,
836 1629 1203 1685 quemadmodum
1237 1627 1472 1684 hucusque
1504 1628 1701 1685 probare
1738 1628 1984 1671 studuimus
2015 1626 2247 1684 fusiusque
2286 1628 2503 1686 exemplis
2542 1629 2708 1672 imitati-

257 1710 355 1754 onis
385 1708 657 1753 Horatianae
707 1708 992 1761 docebimus,
1035 1716 1202 1753 tantum
1246 1708 1386 1762 absit,
1414 1713 1463 1752 ut
1489 1707 1758 1766 argumentis
1790 1707 2072 1752 extrinsecus
2100 1707 2246 1765 petitis
2275 1706 2366 1752 ullo
2404 1709 2538 1752 modo
2567 1709 2710 1752 evinci

255 1789 426 1846 possit,
454 1795 622 1831 textum
647 1787 816 1830 Horatii
842 1789 886 1830 in
918 1789 1170 1831 universum
1204 1802 1411 1844 umquam
1446 1786 1579 1831 alium
1611 1785 1754 1830 fuisse
1784 1794 1919 1843 atque
1947 1794 2169 1840 nostrum,
2203 1795 2250 1831 ut
2285 1789 2378 1832 eius
2400 1789 2710 1832 condicionem

253 1869 350 1912 fere
382 1869 571 1911 eandem
605 1866 746 1911 fuisse
782 1875 890 1924 post
919 1868 1104 1924 primum
1139 1867 1299 1911 saltem
1335 1865 1537 1910 seculum
1572 1867 1599 1909 i.
1628 1880 1667 1908 e.
1704 1865 1805 1908 inde
1841 1881 1869 1909 a
1899 1865 2038 1909 Taciti
2074 1873 2296 1924 tempore,
2329 1882 2387 1910 ex
2425 1867 2708 1911 consentien—
2747 1866 2840 1892 *s
2854 1859 2862 1862 ’

253 1950 371 1996 tibus
405 1949 520 1991 inter
554 1962 660 1992 sese
697 1955 898 1991 veterum
933 1948 1201 2005 scriptorum
1227 1947 1487 1991 testimoniis
1525 1945 1760 1989 efficiatur.
1819 1945 2050 1996 Quocirca
2082 1946 2126 1988 in
2161 1945 2404 1991 manifestis
2437 1947 2706 2004 corruptelis

253 2028 482 2072 meliorum
519 2028 727 2071 codicum
762 2027 971 2069 auxilium
1007 2028 1335 2085 expectandum
1370 2033 1466 2079 est,
1508 2027 1563 2068 de
1608 2039 1696 2083 quo
1735 2025 1964 2068 Bentleius
2012 2026 2185 2082 quidem
2228 2041 2317 2069 non
2354 2028 2616 2083 desperavit
2651 2028 2707 2069 ad

255 2108 302 2153 S.
339 2109 389 2163 2,
424 2108 476 2163 4,
511 2108 591 2151 55:
647 2108 1061 2162 „Quamobrem
1115 2122 1307 2151 omnes
1354 2113 1591 2165 rogatos
1637 2104 1835 2160 velim,
1892 2106 2091 2163 quibus
2146 2106 2300 2147 codd.
2350 2114 2705 2148 vetustorum

255 2189 421 2247 copia
465 2196 573 2242 est,
619 2195 676 2231 ut
717 2188 770 2231 in
807 2188 915 2231 hoc
957 2188 1086 2232 loco
1132 2188 1383 2245 aliisque
1427 2187 1649 2245 pariter
1692 2188 1993 2244 suspectis
2030 2188 2282 2240 videant,
2334 2201 2517 2230 annon
2557 2188 2705 2230 aliud

254 2269 382 2312 olim
417 2266 594 2311 fuerit
628 2281 656 2309 a
691 2267 866 2323 primo
902 2268 1223 2324 scriptore,
1268 2267 1418 2310 aliud
1464 2280 1610 2309 nunc
1648 2275 1779 2324 post
1822 2282 2079 2311 rasuram
2123 2266 2214 2309 vel
2257 2266 2483 2309 lituram
2521 2269 2589 2310 ab
2625 2268 2705 2310 al-

251 2357 380 2393 tera
413 2361 574 2391 manu
607 2345 827 2390 feratur
862 2346 1030 2403 idque
1066 2346 1351 2390 inventum
1385 2348 1439 2390 in
1477 2360 1761 2391 commune
1799 2346 2118 2390 conferant.
2174 2347 2419 2404 (Equidem
2452 2362 2542 2390 non
2578 2342 2702 2409 vidi.)

250 2430 517 2487 Auguror
550 2429 716 2481 enim,
757 2440 943 2484 neque
980 2427 1034 2469 id
1080 2427 1285 2484 opinor
1317 2442 1486 2482 vane,
1531 2427 1703 2470 multa
1741 2435 1871 2484 post
1917 2429 2140 2470 cineres
2188 2436 2425 2474 nostros
2462 2430 2512 2470 in
2545 2430 2699 2471 codd.

248 2515 535 2566 repertum
564 2507 657 2560 iri,
694 2519 835 2563 quae
864 2520 966 2549 nos
1002 2520 1147 2550 nunc
1181 2506 1331 2561 sola,
1360 2508 1461 2551 sed
1488 2521 1597 2550 non
1626 2508 1882 2561 socordi,
1914 2508 2250 2551 coniectura
2284 2507 2699 2565 indagavimus:

246 2588 292 2631 in
330 2587 495 2632 ceteris
530 2594 677 2631 autem
704 2585 817 2630 locis
854 2600 882 2629 a
912 2585 1187 2644 diligentiore
1215 2587 1583 2646 interpretatione
1615 2588 1755 2633 maius
1788 2602 1917 2647 quam
1949 2587 2176 2646 plerisque
2204 2587 2407 2631 videatur
2436 2588 2701 2646 praesidium

248 2669 488 2725 petendum
531 2675 613 2711 est.
687 2667 795 2717 Quis
842 2667 955 2709 enim
990 2681 1081 2711 non
1116 2668 1273 2712 credat
1315 2669 1358 2712 in
1397 2676 1521 2712 tanta
1562 2669 1852 2726 interpretum
1896 2667 2164 2711 multitudine
2211 2675 2334 2711 certe
2382 2668 2598 2726 pleraque
2642 2670 2701 2712 ita

250 2745 479 2804 explicata
518 2759 623 2790 esse
635 2779 647 2800 ,
682 2745 803 2790 nulla
837 2751 884 2789 ut
918 2745 1019 2790 inde
1058 2748 1367 2792 controversia
1399 2763 1503 2793 esse
1537 2748 1712 2806 possit?
1746 2749 1795 2793 In
1832 2763 1919 2806 quo
1957 2747 2136 2805 egregie
2167 2746 2394 2792 falluntur.
2456 2748 2701 2807 Dupliciter

249 2827 361 2870 enim
396 2833 556 2870 nostra
584 2834 732 2870 aetate
770 2829 987 2883 peccatur
1023 2827 1298 2885 primumque
1329 2828 1475 2873 laxius
1505 2829 1838 2886 interpretando
1851 2861 1863 2882 ,
1903 2843 1990 2884 quo
2024 2826 2200 2870 nomine
2238 2827 2433 2872 Orellius
2472 2829 2699 2886 magisque

249 2909 379 2951 etiam
394 2906 768 2964 Dillenburgerus
798 2907 912 2950 adeo
948 2906 1068 2964 lapsi
1103 2915 1230 2962 sunt,
1265 2916 1314 2952 ut
1349 2911 1587 2953 carminum
1606 2916 1799 2953 totorum
1820 2922 2002 2952 sensum
2029 2908 2342 2963 perverterint.
2381 2909 2504 2967 Lege
2527 2923 2698 2966 quaeso

247 2989 296 3034 G.
318 2988 361 3042 2,
379 2987 408 3030 4
438 2986 517 3030 Ne
547 2986 621 3029 sit
654 3001 720 3030 an
735 2987 908 3031 cillae
946 2988 1047 3032 tibi
1082 3003 1236 3033 amor
1271 2992 1474 3048 pudori
1505 2998 1548 3034 et
1575 2990 1762 3033 habebis
1782 3003 1962 3032 carmen
1982 2988 2233 3032 tenerrimis
2252 2989 2485 3033 affectibus
2504 2989 2700 3047 plenum,

245 3074 289 3116 in
327 3082 413 3127 quo
451 3074 589 3124 poeta
624 3068 813 3111 amicum
850 3069 1134 3124 cohprtatur,
1168 3085 1226 3112 ne
1265 3072 1451 3115 desistat
1496 3086 1522 3114 a
1550 3085 1715 3114 servae
1757 3071 1945 3129 pudicae
1982 3083 2163 3127 amore,
2200 3071 2372 3124 addita,
2411 3072 2528 3127 quod
2567 3079 2701 3125 amat,

247 3148 323 3214 (v.
369 3147 542 3192 Riedel.
589 3148 707 3205 apud
754 3149 894 3193 Orell.
932 3150 983 3193 E.
1028 3151 1054 3192 2
1063 3182 1079 3203 ,
1118 3151 1140 3193 1
1156 3182 1171 3205 ,
1205 3150 1320 3209 264)
1375 3153 1534 3196 iocosa
1590 3151 1805 3195 clausula.
1877 3148 2090 3193 Orellium
2150 3152 2189 3193 si
2242 3154 2467 3208 sequeris,
2530 3167 2702 3195 summa

246 3228 435 3288 εἰρωνεία
484 3229 624 3283 inest,
672 3235 801 3272 extra
848 3243 978 3288 quam
1023 3231 1167 3276 solum
1211 3231 1397 3277 brachia
1432 3240 1692 3290 teretesque
1728 3245 1858 3276 suras
1896 3231 2071 3289 positas
2110 3232 2357 3276 arbitratur.
2426 3232 2549 3291 Ergo
2583 3233 2700 3277 hanc

248 3308 403 3354 inesse
439 3308 692 3368 putabimus
723 3307 922 3367 pulchris
958 3311 1188 3356 versibus:

2175 3392 2200 3433 2
