3008 3764
231 258 361 310 parte
389 253 563 299 oriundi
591 254 701 298 sint:
737 261 830 297 tum
861 251 924 294 ad
959 247 1256 292 valentiorem
1284 254 1331 291 et
1356 247 1658 291 robustiorem
1690 245 1844 303 populi
1871 254 2046 303 partem
2074 248 2402 303 septentriones
2432 261 2596 292 versus
2624 247 2700 291 ha-

232 333 443 378 bitantem
472 334 848 391 idem-negotium
873 328 1003 386 quasi
1036 327 1184 370 divina
1213 334 1404 371 naturae
1431 328 1536 384 lege
1564 326 1844 370 transfertur.
1883 328 2077 384 ltaque,
2115 335 2163 370 ut
2195 329 2254 371 ad
2280 328 2512 372 Romanos
2543 329 2701 372 redea-

233 426 352 467 muS‚
382 414 537 458 Livius
554 410 853 458 Andronicus
883 407 1173 463 Tarentinus,
1208 407 1410 451 Naevius
1445 407 1723 463 Campanus,
1761 405 1929 449 Ennius
1955 406 2227 459 Rodiensis,
2259 407 2481 450 Pacuvius
2512 408 2700 452 Brundi-

233 494 380 549 sinus,
408 494 612 539 Lucilius
626 492 896 536 :Suessanus
927 487 973 532 in
1001 486 1205 532 confiniis
1233 487 1351 532 Latii
1379 495 1423 532 et
1451 487 1727 544 Campaniae
1754 486 1921 539 editus,
1950 486 2162 531 Horatius
2195 486 2463 531 Venusinus.
2520 488 2699 531 Rursus

233 574 436 618 Maccius
466 573 650 616 Plautus
680 576 726 612 et
754 569 967 625 deinceps
995 567 1255 624 Propertius
1285 567 1456 621 Umbri,
1485 566 1711 611 Caecilius
1742 565 1869 608 cuius
1901 564 2116 610 latissime
2147 568 2331 622 patebat
2361 567 2605 610 auctoritas
2630 568 2699 611 In-

233 655 385 708 suber,
416 651 603 696 ovidius
631 657 676 693 et
703 648 924 693 Iuvenalis
953 663 1010 693 ex
1041 649 1196 707 Latio,
1232 647 1413 702 Persius
1441 648 1678 691 Etruscus.
1736 645 1827 688 lam
1869 647 2070 703 sequitur
2110 645 2362 699 Gallorum,
2398 646 2700 704 Hispanorum

235 747 394 792 agmen
423 730 644 789 incipiens
671 743 700 773 a
728 728 926 782 Catullo,
965 728 1155 772 Aemilio
1194 727 1374 784 Macro,
1410 726 1584 771 Tibullo
1626 726 1691 779 (is
1727 726 1842 769 enim
1880 724 2037 769 saltem
2071 727 2261 784 praedia
2293 741 2439 784 prope
2470 728 2700 772 Patavium

235 811 563 871 possidebat),
584 810 814 868 Vergilio,
851 810 1064 863 Lucano,
1094 808 1277 852 Valerio
1312 807 1480 852 Flacco
1488 837 1504 861 ,
1540 806 1764 861 Martiali,
1806 805 2037 862 insigniter
2072 806 2209 865 Trogi
2245 808 2424 864 Liguris
2468 815 2544 850 aut
2584 808 2699 851 Galli

233 892 536 949 Nepotisque,
567 891 677 934 Padi
709 889 920 951 accolae,
962 898 1007 933 et
1043 889 1158 932 Livii
1186 888 1315 947 quasi
1342 888 1557 932 sodalicio
1602 894 1868 930 exornatum
1917 894 1960 929 et
1996 886 2234 930 Pliniorum
2271 889 2432 931 studiis
2464 888 2699 930 vehemen-

233 980 305 1015 ter
333 978 642 1015 sustentatum.
702 971 789 1021 Qui
820 970 945 1014 solus
974 969 1265 1026 interpositus
1303 978 1373 1013 est
1408 968 1578 1013 Statius
1611 966 1956 1024 Neapolitanus,
1999 967 2037 1010 is
2078 968 2352 1025 singularem
2386 968 2472 1012 sibi
2509 969 2701 1010 vindicat

232 1050 384 1094 locum
411 1050 602 1107 plurima
630 1056 737 1106 post
766 1048 997 1093 Horatium
1031 1055 1076 1092 et
1107 1048 1389 1105 Propertium
1416 1048 1650 1099 novando3
1680 1047 1896 1091 Afrorum
1927 1056 2073 1091 autem
2103 1063 2242 1106 regno
2272 1050 2393 1106 quod
2420 1062 2525 1091 mox
2553 1050 2700 1106 sequi·

233 1138 327 1184 tur,
357 1131 581 1187 praeludit
608 1143 742 1187 quum
769 1128 867 1173 aliis
896 1138 989 1173 tum
1019 1128 1329 1173 allitteratione
1356 1128 1583 1175 Manilius,
1641 1128 1883 1172 Variorum
1910 1135 2058 1172 autem
2086 1128 2354 1186 populorum
2389 1129 2463 1185 qui
2503 1137 2701 1172 veterem

233 1210 404 1254 ltaliam
431 1208 688 1253 incolebant
714 1216 910 1253 mutuam
948 1208 1287 1253 aemulationem
1332 1216 1377 1252 et
1413 1209 1784 1253 obtrectationem
1822 1210 1993 1266 pariter
2028 1216 2161 1266 atque
2199 1210 2243 1252 in
2280 1209 2538 1252 recentiore
2576 1210 2702 1252 ltalia

233 1289 460 1346 flagrasse
486 1288 700 1332 docemur
734 1288 881 1333 multis
909 1290 1103 1343 indiciis,
1130 1288 1263 1332 veluti
1293 1289 1411 1346 quod
1440 1287 1608 1331 Plinius
1635 1288 1778 1330 minor
1806 1301 1946 1344 aegre
1976 1286 2087 1340 sert,
2120 1288 2184 1343 (4,
2208 1287 2279 1342 13)
2310 1288 2560 1345 populares
2592 1304 2701 1334 suos

235 1369 482 1412 studiorum
511 1367 823 1413 litterariorum
852 1383 993 1413 causa
1021 1371 1123 1428 cogi
1151 1384 1178 1413 a
1214 1370 1354 1414 Como
1382 1366 1684 1412 Mediolanum
1714 1381 1822 1411 sese
1839 1366 2074 1411 conferre.
2120 1367 2233 1411 Hinc
2252 1381 2358 1411 rara
2380 1367 2554 1411 Horatii
2569 1370 2701 1413 modo

234 1449 399 1493 mortui
427 1450 643 1493 memoria
671 1464 727 1493 ac
755 1465 812 1494 ne
838 1450 958 1494 haec
989 1452 1165 1509 quidem
1194 1451 1305 1494 satis
1334 1457 1478 1493 certa:
1504 1462 1609 1491 nam
1642 1449 1820 1491 domum
1849 1456 2012 1505 poetae
2040 1448 2330 1501 Frontonem,
2368 1448 2593 1492 luvenalis
2626 1464 2699 1493 ae-

236 1529 435 1588 qualem,
466 1531 733 1586 praebuisse
764 1531 1101 1588 recitationibus
1130 1539 1363 1588 poetarum
1392 1531 1527 1573 tradit
1555 1530 1731 1586 quidem
1760 1529 2017 1573 Scholiasta
2047 1530 2104 1571 ad
2135 1529 2327 1572 luvenal.
2364 1530 2412 1581 1,
2445 1531 2519 1581 123
2547 1533 2702 1574 mirum

237 1615 386 1654 autem
415 1610 559 1655 videri
594 1610 752 1664 debet,
783 1625 881 1655 eam
909 1625 998 1655 non
1029 1612 1308 1669 absumptam
1335 1623 1446 1655 esse>
1466 1609 1726 1654 Neroniano
1757 1610 1978 1653 incendio.
2039 1608 2206 1653 Contra
2236 1608 2440 1667 Vergilii,
2469 1610 2595 1654 cuius
2611 1612 2700 1655 ani-

235 1704 335 1735 mus
372 1690 475 1736 dum
513 1670 580 1735 ad.
612 1693 793 1750 antiqua
829 1693 1040 1737 vaticinia
1080 1700 1124 1737 et
1163 1705 1277 1751 quae
1312 1689 1667 1735 Neo-Platonici
1710 1690 1884 1733 somnia
1921 1690 2006 1733 sibi
2039 1688 2259 1733 finxerunt
2297 1691 2446 1745 (unde
2482 1691 2700 1735 Macrobii

235 1771 421 1829 insignis
453 1773 684 1816 veneratio
715 1772 947 1823 Mantuani
974 1774 1119 1828 vatis)
1160 1771 1361 1824 inclinat,
1396 1770 1486 1815 hac
1522 1783 1701 1828 quoque
1731 1770 1905 1814 ratione
1934 1770 2120 1814 Horatio
2151 1771 2343 1827 disparis
2376 1770 2477 1813 sola
2503 1772 2702 1815 humani-

236 1859 327 1895 tate
362 1851 516 1896 nitenti
549 1865 736 1909 eamque
770 1852 913 1897 solam
952 1853 1198 1909 spectanti,
1240 1843 1413 1896 summa
1447 1851 1492 1894 in
1532 1858 1798 1908 perpetuum
1836 1859 1935 1895 erat
1971 1833 2212 1895 auctoritas
2250 1859 2294 1893 et
2328 1851 2515 1895 assidua
2557 1851 2699 1895 lectio.

236 1932 350 1973 Nam
380 1945 504 1973 mera
531 1932 782 1975 humanitas
812 1946 1057 1988 paucorum
1085 1946 1265 1988 semper
1293 1931 1377 1975 erit
1403 1929 1651 1981 hominum3
1689 1930 1920 1975 multitudo
1949 1932 2091 1975 omnis
2121 1941 2265 1974 autem
2296 1941 2344 1974 ut
2376 1940 2538 1973 natura
2566 1934 2702 1976 maris

238 2025 322 2067 per
353 2025 404 2054 se
432 2012 666 2054 immobilis
697 2019 787 2054 est:
818 2013 938 2055 venti
965 2018 1010 2055 et
1032 2025 1169 2054 aurae
1202 2011 1333 2054 cient.
1390 2009 1519 2053 Hanc
1547 2023 1637 2067 qua
1664 2010 1859 2054 florebat
1890 2011 2077 2066 gratiam
2098 2010 2296 2067 Vergilio
2328 2011 2535 2055 invidens
2569 2011 2702 2055 Caius

239 2090 412 2134 Caesar
447 2106 544 2134 eum
582 2107 682 2134 cum
712 2092 906 2134 Homero
943 2099 986 2134 et
1013 2091 1139 2134 Livio
1171 2090 1398 2147 expellere
1432 2090 1678 2134 conabatur
1707 2090 1858 2147 (Suet.
1887 2091 1970 2144 34)
2007 2098 2051 2134 et
2083 2091 2225 2142 Nero,
2262 2090 2384 2133 haud
2419 2090 2563 2135 malus
2604 2107 2702 2135 ver-

239 2185 368 2215 suum
391 2172 727 2229 pangendorum
754 2184 797 2215 et
826 2172 923 2228 ipse
952 2171 1135 2224 artifex,
1164 2171 1358 2214 Turnum
1388 2170 1554 2214 saltare
1586 2172 1878 2214 constituerat
1909 2173 2062 2223 (Suet.
2094 2171 2184 2225 54).
2241 2171 2310 2213 De
2342 2172 2527 2214 Horatio
2558 2173 2631 2216 hic
2661 2184 2703 2216 et

238 2251 342 2295 alibi
370 2251 505 2295 altum
534 2251 776 2303 silentium3
803 2267 907 2295 raro
936 2253 1199 2318 resmssitflr
1200 2267 1228 2311 a
1257 2252 1437 2296 Seneca
1467 2252 1701 2308 poetisque
1719 2250 2003 2308 aequalibus,
2034 2252 2216 2295 Lucano
2239 2261 2452 2308 excepto,
2483 2254 2543 2296 ad
2576 2255 2703 2298 unius

238 2332 426 2398 Vergilii
461 2332 745 2395 imitationem
775 2332 1056 2396 compositis3
1092 2331 1282 2388 simplex
1320 2332 1416 2375 eius
1455 2332 1621 2398 mentio
1626 2332 1774 2390 apud
1792 2330 2065 2396 Martialem,
2108 2332 2181 2390 qui
2226 2347 2486 2376 summum
2523 2334 2702 2377 Maro-

239 2427 353 2456 nem
380 2426 618 2470 numquam
648 2413 744 2455 sine
772 2413 907 2456 laude
936 2412 1120 2455 dimittit.
1180 2411 1455 2468 Compensat
1494 2397 1644 2455 autem
1671 2413 1759 2455 hoc
1792 2412 2362 2470 detrimentquQ
2384 2415 2457 2470 qui
2494 2425 2702 2471 quantum

236 2493 457 2535 imbiberit
484 2493 630 2535 animo
660 2493 889 2535 Horatium
918 2501 1081 2548 postea
1108 2493 1368 2535 videbimus.
1428 2492 1566 2535 Cuius
1597 2493 1797 2550 aequalis
1829 2494 1994 2536 Plinius
2023 2502 2070 2536 ut
2101 2495 2273 2549 patriae
2302 2508 2414 2537 suae
2454 2497 2702 2536 amantissi-

239 2587 337 2616 mus
367 2572 500 2629 („illa
528 2580 685 2617 nostra
711 2571 837 2615 Italia
864 2587 980 2630 quae
1009 2572 1192 2616 multum
1221 2573 1368 2616 adhuc
1396 2574 1678 2617 verecundae
1707 2543 1974 2630 frugffli-ta'tis'
2007 2564 2139 2631 atque
2169 2574 2304 2617 etiam
2332 2575 2592 2617 rusticitatis
2624 2589 2703 2617 an—

241 2651 390 2706 tiquae
421 2651 584 2695 retinet
613 2660 658 2694 et
686 2655 872 2694 servat“
905 2665 978 2707 ep.
1014 2651 1061 2703 l,
1090 2651 1164 2703 14>
1191 2651 1254 2694 ita
1281 2651 1525 2707 populares
1558 2654 1807 2709 scriptores
1849 2668 1957 2697 suos
1991 2653 2204 2709 imprimis
2250 2653 2417 2698 laudat.
2476 2654 2705 2705 „Catullus

241 2744 367 2774 meus
378 2735 408 2757 “
440 2730 487 2783 1,
518 2730 585 2774 16.
614 2731 656 2784 4,
686 2730 741 2772 27
772 2738 816 2774 et
846 2731 919 2787 qui
944 2730 1074 2774 huius
1107 2729 1357 2788 exemplum
1387 2733 1561 2790 sequuti
1592 2732 1908 2777 Callimachum
1937 2734 2224 2777 imitabantur
2253 2732 2606 2787 „Callimachum
2634 2749 2706 2778 me

240 2820 396 2855 tenere
426 2812 723 2864 credebam,‘⁵
749 2811 791 2863 4,
821 2810 862 2854 3.
920 2811 990 2855 De
1021 2810 1130 2856 Silio
1161 2800 1479 2857 commemorat
1504 2814 1547 2867 5,
1576 2815 1623 2858 7:
1654 2813 1861 2870 „multum
1892 2815 2131 2872 imaginum
2157 2828 2270 2872 quas
2300 2838 2357 2848 -—
2386 2816 2706 2859 venerabatur:

241 2891 428 2948 Vergilii
455 2899 559 2935 ante
590 2906 772 2944 omnes,
809 2892 935 2936 cuius
965 2891 1158 2936 natalem
1195 2892 1451 2949 religiosius
1489 2909 1620 2951 quam
1664 2910 1792 2939 suum
1831 2894 2137 2940 celebrabat.“
2197 2895 2544 2952 Passienumque
2576 2894 2708 2939 Paul·

242 2972 329 3015 lum
371 2987 503 3029 quum
535 2970 766 3017 laudasset
805 2980 989 3028 propter
1018 2971 1197 3016 felicem
1228 2973 1450 3029 Propertii
1486 2976 1795 3028 imitationem,
1848 2976 2017 3019 addidit
2061 2976 2191 3033 quasi
2229 2976 2472 3021 occasione
2513 2975 2618 3019 data
2657 2975 2707 3032 9,

244 3055 319 3096 22:
367 3067 542 3109 „nuper
587 3054 644 3095 ad
684 3053 828 3110 lyrica
865 3052 1047 3096 deflexit
1092 3054 1136 3097 in
1173 3054 1332 3111 quibus
1368 3055 1429 3097 ita
1468 3053 1701 3119 Horatium
1743 3064 1792 3099 ut
1824 3057 1868 3099 in
1903 3055 1991 3100 illis
2027 3055 2149 3100 illum
2186 3055 2371 3100 alterum
2418 3054 2612 3111 effingit3
2660 3064 2709 3100 ut

245 3136 390 3193 possit
419 3135 457 3176 si
487 3134 592 3191 quid
619 3134 663 3175 in
694 3135 853 3178 studiis
886 3136 1091 3191 cognatio
1122 3135 1243 3178 valet
1272 3143 1316 3178 et
1345 3135 1476 3179 huius
1501 3137 1647 3180 videri
1683 3138 2007 3194 propinquus,“
2076 3138 2335 3195 Promptum
2373 3150 2483 3179 sane
2519 3137 2708 3181 imitato·

244 3229 339 3259 rem
370 3229 427 3258 ex
457 3227 622 3271 genere
651 3215 737 3256 isto
769 3216 887 3272 quod
915 3216 1048 3258 bilem
1075 3229 1215 3272 saepe
1243 3218 1381 3259 movit
1408 3216 1623 3270 Horatio,
1662 3219 1735 3262 eui
1761 3218 1849 3262 soli
1876 3220 1991 3262 inter
2021 3234 2178 3263 omnes
2214 3219 2398 3262 Latinos
2431 3225 2593 3273 poetas
2623 3219 2709 3273 spi-

243 3297 374 3338 ritum
403 3294 567 3338 Graiae
597 3303 773 3337 tenuem
804 3295 1029 3339 Camenae
1060 3297 1209 3340 Parca
1235 3312 1324 3339 non
1355 3300 1547 3341 mendax
1580 3301 1713 3343 dedit.
1769 3300 1898 3343 Lusit
1942 3301 2143 3344 similiter
2177 3302 2275 3356 ipse
2315 3298 2481 3341 Plinius
2519 3300 2709 3341 maxime

245 3378 347 3421 dum
366 3376 420 3419 'in
445 3377 603 3420 itinere
632 3384 755 3426 erat3
793 3377 873 3420 sed
910 3390 1041 3420 nemo
1077 3378 1123 3420 id
1152 3385 1391 3434 spectasse
1421 3379 1618 3432 videtur,
1651 3387 1700 3422 ut
1726 3381 1928 3424 carmina
1956 3380 2127 3424 Horatii
2159 3380 2252 3422 suis
2282 3380 2489 3422 versibus
2523 3387 2710 3436 augeret

2156 3471 2207 3511 18
