3008 3764
1258 74 1620 134 ,33-

415 269 468 292 =
502 249 557 294 H.
590 249 641 295 C.
669 249 712 302 3,
746 247 825 299 15,
859 244 889 289 9
916 241 1048 288 filia
1075 241 1293 289 rectius
1322 252 1614 302 expugnat
1648 244 1907 291 iuvenum
1942 244 2135 290 domos
2168 251 2212 289 et
2238 243 2290 299 3,
2328 243 2407 298 16,
2445 240 2525 290 13:
2565 242 2670 288 dif-

221 333 324 375 idit
358 334 576 376 urbium
611 332 820 373 Portas
855 324 942 367 vir
970 324 1224 367 Macedo.

423 435 478 442 —-
511 426 556 453 v.
589 410 689 451 539.
757 406 824 446 Et
856 413 1039 445 tamen
1069 406 1311 446 insanas
1345 406 1604 446 cedendo
1632 405 1951 460 interrigat
1984 406 2167 447 undas

194 491 362 535 Veram
386 492 626 536 lectionem
660 485 974 542 interrigat
1019 486 1213 527 restituit
1243 485 1499 540 Zumptius,
1542 484 1649 525 nihil
1685 500 1797 526 vero
1842 486 1897 526 de
1939 500 2025 527 usu
2067 486 2194 527 verbi
2229 500 2448 540 nusquam
2487 493 2668 540 praeter

194 571 314 615 hunc
347 571 496 615 locum
526 566 632 610 lecti
660 566 839 607 monuit.
913 564 1000 612 Qui
1029 563 1284 606 rarissimus
1323 571 1395 606 est
1430 566 1475 605 in
1510 566 1662 607 verbis
1699 565 1858 607 activis
1902 566 2048 607 iudice
2079 564 2255 606 Naekio
2293 566 2351 605 ad
2379 564 2531 606 valer.
2570 565 2666 606 Cat.

196 667 240 708 p.
276 650 347 694 98.
383 649 437 693 Η.
474 647 531 690 Α.
569 646 619 688 Ρ.
658 644 761 687 194:
800 644 1016 687 medios
1053 644 1373 687 intercinat
1405 650 1587 687 actus.

415 727 790 786 Diligentissimus
826 725 993 781 alioqui
1017 723 1203 783 Vergilii
1237 725 1430 768 imitator
1458 724 1691 768 Horatium
1725 738 1854 767 suum
1889 726 2034 782 probe
2064 725 2261 767 tenebat.
2693 721 2890 755 Ausonius.

421 799 541 852 Prof.
577 806 605 851 8
641 807 752 851 iste
791 800 1055 850 lascivus
1086 805 1318 862 patiens
1344 805 1636 850 vocari:
1661 803 1711 848 C.
1745 803 1794 858 1,
1830 804 1880 858 2,
1915 804 1973 849 43
2008 804 2236 863 patiens
2272 803 2488 847 vocari.

421 912 484 933 --μ
510 886 550 929 9.
601 885 891 929 Romulum
927 892 1059 941 post
1093 884 1201 930 hos
1235 886 1395 943 prius
1433 900 1500 929 an
1531 884 1793 930 Corinthi
1826 903 1871 922 =
1902 884 2182 938 C.1‚12.33
2213 883 2504 927 Romulum
2533 891 2667 940 post

195 961 296 1007 hos
328 967 482 1022 prius
518 981 581 1008 an
619 968 823 1021 idemque
872 963 1066 1007 favete
1101 965 1318 1023 linguis
1355 965 1481 1023 Idyll.
1521 965 1549 1008 6
1593 974 1638 1008 et
1681 974 1883 1008 ternos
1929 974 2016 1007 ter
2056 963 2298 1021 cyathos
2343 964 2401 1007 ib.
2441 963 2517 1017 10,
2550 979 2665 1020 quae

198 1046 342 1089 omnia
369 1060 425 1089 ex
461 1047 633 1090 Horatii
666 1053 792 1088 textu
828 1053 984 1087 nostro
1024 1053 1203 1103 sumpta
1230 1060 1258 1089 a
1293 1045 1460 1089 Flacco
1493 1045 1718 1089 abiudieat
1752 1044 2096 1102 Peerlkampus.

413 1126 530 1184 Epp.
565 1126 618 1178 4,
649 1124 705 1167 34
738 1137 916 1180 prope
951 1125 1141 1182 turpia
1169 1126 1410 1168 membra
1438 1141 1489 1164 =
1516 1126 1571 1169 Η.
1610 1126 1661 1169 G.
1697 1127 1741 1179 4,
1779 1125 1857 1178 14,
1888 1126 1944 1167 20
1978 1125 2287 1167 indomitus
2323 1138 2505 1180 prope
2539 1139 2664 1180 qua·

194 1203 266 1246 lis
301 1205 480 1247 undas
517 1217 648 1260 quem
684 1217 815 1246 usum
850 1216 878 1245 a
907 1203 1058 1260 poetis
1094 1204 1288 1248 alienum
1322 1219 1429 1249 esse
1456 1206 1552 1248 iure
1579 1206 1736 1249 statuit
1763 1204 2116 1262 Peerlkampus,
2156 1213 2280 1246 certe
2318 1203 2474 1246 Orellii
2518 1218 2664 1246 exem-

194 1281 316 1339 plum
353 1297 411 1326 ex
439 1282 567 1327 Livio
611 1290 836 1340 sumptum
869 1282 978 1326 nihil
1013 1285 1191 1341 probat.
1258 1284 1357 1344 Ego
1404 1285 1548 1329 malim
1587 1285 1901 1329 indomitas
1948 1285 2122 1328 modo.
2193 1284 2379 1342 Prope
2421 1292 2467 1327 et
2510 1287 2662 1328 modo

196 1361 389 1406 confusa
419 1377 462 1406 v.
493 1362 614 1420 apud
642 1360 900 1406 Markland.
938 1363 996 1405 ad
1032 1362 1218 1408 Statium
1254 1364 1302 1409 S.
1338 1365 1390 1420 3,
1425 1366 1477 1420 5,
1510 1365 1579 1409 37.

415 1442 532 1500 Epp.
565 1442 618 1496 4,
652 1442 710 1487 48
743 1441 897 1486 talos
926 1456 954 1487 a
988 1446 1213 1489 vertice
1248 1445 1490 1504 pulcher
1519 1448 1585 1489 ad
1620 1447 1757 1491 imos
1795 1464 1840 1483 -ε
1878 1445 2275 1499 E.2,2,4eadem
2294 1458 2488 1503 prorsus
2509 1447 2662 1492 verba.

424 1546 474 1552 —
517 1521 595 1575 24,
629 1522 687 1566 86
727 1521 1084 1581 afflaretque
1119 1533 1247 1569 tuas
1284 1540 1479 1578 aures,
1516 1528 1886 1583 quemadmodum
1920 1526 2224 1569 accusativum
2269 1525 2486 1583 flagitavit
2519 1526 2663 1568 Bentl.

196 1599 243 1641 S.
284 1601 330 1654 1,
359 1600 411 1655 8,
440 1601 511 1645 95.
548 1616 679 1660 quem
706 1602 857 1646 locum
893 1603 1033 1646 Orell.
1063 1612 1210 1649 tuetur
1245 1606 1405 1650 Tibull.
1442 1607 1484 1658 2,
1517 1607 1559 1659 1,
1594 1606 1664 1650 80.

424 1706 478 1712 --
515 1681 583 1735 10,
606 1681 662 1725 25
699 1680 809 1726 Sus
843 1681 1133 1729 lutulenta
1165 1684 1335 1744 fugit:
1373 1686 1603 1730 rabidus
1649 1687 1811 1731 canis
1854 1687 2061 1744 impete
2095 1697 2272 1729 saevo
2308 1700 2360 1721 τ·-
2391 1683 2504 1737 Ε.2,
2535 1685 2662 1736 2,75.

422 1787 477 1793 —
513 1761 705 1816 24,10·2
735 1763 1050 1808 contristat
1085 1767 1359 1822 aquarius
1395 1767 1546 1810 unda
1581 1785 1632 1806 =
1667 1764 1713 1809 S.
1753 1766 1800 1820 1,
1830 1766 1879 1819 1,
1908 1765 1979 1810 38.

423 1866 474 1870 -
521 1840 685 1894 15,14
721 1840 868 1901 fugit
895 1843 1163 1889 iuventus
1199 1845 1435 1890 Romula
1469 1825 1517 1889 ut
1552 1844 1787 1889 Romula
1817 1859 1955 1903 gens
1993 1844 2047 1888 H.
2075 1844 2144 1887 bis
2192 1850 2237 1885 et
2265 1841 2509 1885 Romula
2545 1843 2663 1885 vir-

197 1926 285 1961 tus
322 1916 401 1961 Sil.
433 1919 513 1972 16,
542 1921 640 1972 255.

426 2025 479 2030 —
516 2000 595 2054 22,
633 2001 683 2043 11
723 2000 967 2046 horrens
1012 2005 1247 2063 capillis
1292 2014 1349 2049 ut
1392 2006 1635 2049 marinus
1687 2006 1920 2063 asperis
1964 1998 1971 2068 ι
2025 2004 2263 2048 echinus
2311 2018 2359 2038 =
2405 2000 2489 2058 Ep.
2524 2001 2575 2055 5,
2612 2002 2665 2043 27

199 2076 396 2122 horret
426 2087 512 2123 etc.

418 2158 599 2201 Mosell.
640 2160 721 2203 163
754 2175 824 2217 sq.
862 2162 1042 2206 imitatio
1080 2172 1151 2208 est
1178 2164 1225 2206 S.
1260 2166 1309 2218 1,
1340 2167 1389 2219 7,
1432 2166 1486 2208 29
1523 2179 1593 2221 sq.

428 2263 480 2267 —
519 2238 603 2281 290
632 2240 789 2296 regis
826 2256 969 2298 opus
1000 2245 1183 2301 magni
1216 2260 1268 2281 =
1302 2245 1357 2288 A.
1398 2247 1445 2288 P.
1474 2245 1530 2288 90
1564 2243 1728 2300 regis
1765 2256 1923 2298 opus.

430 2343 483 2349 —
522 2317 608 2361 398
640 2334 894 2378 purpura
930 2320 1082 2368 fusis
1120 2342 1167 2362 =
1197 2324 1254 2367 A.
1290 2326 1341 2368 P.
1374 2325 1427 2368 15
1458 2321 2130 2380 Purpureus-Assuitur.

420 2394 566 2441 Habet
595 2397 727 2442 etiam
755 2400 898 2445 altor
925 2402 1134 2460 ingenii
1163 2405 1240 2447 tui
1267 2404 1383 2461 Epp.
1415 2404 1489 2455 21,
1528 2404 1583 2446 25
1621 2411 1949 2460 praetereaque
1986 2401 2061 2457 23,
2098 2400 2154 2446 33
2184 2401 2229 2445 id
2261 2403 2380 2460 quod
2408 2400 2532 2446 favet
2560 2415 2665 2445 con-

198 2475 396 2519 iecturae
425 2489 452 2518 a
484 2492 554 2521 me
582 2478 624 2520 in
656 2478 886 2537 Philologo
914 2483 994 2536 111,
1027 2484 1053 2526 2
1085 2485 1344 2541 propositae
1374 2492 1419 2528 et
1446 2484 1588 2527 Taciti
1617 2499 1702 2528 usu
1728 2483 1954 2534 firmatae,
1978 2490 2026 2526 ut
2058 2482 2107 2528 C.
2142 2483 2189 2534 1,
2211 2483 2237 2525 2
2264 2484 2514 2540 legeretur:

419 2557 579 2613 „Filius
589 2558 738 2602 Maiae
756 2562 931 2616 patiens
949 2566 1104 2608 vocari
1120 2565 1127 2622 Ι
1146 2564 1357 2608 Caesaris
1372 2563 1533 2608 altor“
1562 2580 1604 2620 p.
1619 2563 1731 2607 ulto
1742 2579 1780 2609 r.
1795 2562 1878 2606 Ma
1890 2577 1950 2606 en
1963 2561 2082 2607 alus
2101 2562 2212 2607 alto
2223 2563 2381 2608 rGrat.
2392 2564 2561 2622 Cyneg.
2575 2563 2666 2608 100.

418 2636 613 2692 Magnus
649 2638 842 2684 imitator
876 2643 1033 2687 Flacci
1069 2645 1324 2702 appellatur
1355 2659 1384 2689 a
1419 2644 1621 2688 Bentleio
1665 2645 1723 2688 ad
1764 2643 1813 2687 C.
1855 2644 1898 2697 l,
1933 2642 2011 2696 34,
2042 2643 2082 2689 5.
2119 2644 2276 2702 Steph.
2312 2646 2386 2702 10,
2421 2645 2504 2689 663
2542 2646 2667 2689 olim
2692 2645 2861 2681 Pruden-

196 2712 339 2756 laote
372 2714 652 2771 depulsum
686 2734 738 2755 =
785 2719 839 2763 H.
872 2721 920 2765 C.
945 2723 996 2774 4,
1026 2723 1077 2775 4,
1116 2724 1169 2766 13
1204 2725 1279 2767 ubi
1315 2724 1446 2767 etiam
1484 2739 1603 2767 nunc
1658 2725 1849 2766 maxime
1893 2723 2043 2780 placet
2090 2724 2277 2768 Kusteri
2314 2727 2415 2769 iam
2460 2727 2668 2782 iamque
2719 2704 2809 2740 ‘³¹¹⁸‘

196 2793 397 2837 Lucretii
432 2803 477 2838 et
505 2796 634 2839 Statii
665 2797 922 2859 Valet-iique
960 2818 1047 2847 usu
1087 2804 1325 2855 firmatum3
1365 2803 1583 2847 infelicius
1616 2803 1935 2847 Lachmannus
1972 2804 2243 2859 (macte!).
2303 2806 2362 2849 lb.
2399 2805 2447 2856 5,
2475 2805 2529 2846 42
2567 2820 2668 2847 non

197 2873 331 2917 felix
360 2884 407 2918 ut
436 2875 491 2921 H.
528 2891 630 2920 non
662 2888 782 2923 amat
810 2897 857 2939 p.
889 2884 964 2937 in,
994 2898 1032 2928 v.
1062 2899 1098 2928 c.
1132 2899 1239 2928 non
1269 2886 1593 2943 auspicatos
1627 2884 1678 2928 C.
1702 2883 1752 2937 3,
1787 2883 1832 2935 6,
1864 2884 1918 2926 10
1950 2892 1994 2927 et
2024 2899 2132 2927 non
2164 2894 2319 2929 tacta
2349 2901 2405 2929 ex
2435 2887 2671 2943 praeclara

199 2955 387 3000 Bentleii
416 2956 729 3003 emendatione
755 2959 808 3008 E.
839 2962 888 3015 2,
918 2963 960 3016 2,
988 2962 1056 3009 80.
1086 2991 1143 2999 --
1174 2964 1223 3013 C.
1254 2964 1510 3023 Symmach.
1541 2964 1579 3017 l,
1609 2964 1692 3009 126
1720 2963 1883 3008 multo
1915 2977 1973 3008 se
2004 2965 2208 3023 proluit
2251 2967 2441 3010 haustu
2464 2983 2516 3005 =
2538 2968 2590 3014 H.
2621 2969 2669 3013 S.

202 3035 303 3089 1‚5,
324 3035 389 3089 16,
406 3035 474 3080 80.
505 3036 668 3081 multa
703 3041 962 3096 prolutus
997 3058 1178 3102 vappa
1214 3053 1259 3089 et
1289 3045 1455 3098 2,4,27
1485 3045 1660 3090 mulso
1691 3044 1969 3090 l'rolueris
2006 3046 2196 3092 melius
2226 3055 2273 3091 ut
2304 3055 2347 3091 et
2373 3048 2512 3106 Verg.
2541 3048 2673 3106 Copa

198 3119 267 3162 29.
324 3118 573 3162 Admodum
604 3119 800 3165 obscure
825 3122 1130 3169 Merobaudes
1159 3140 1201 3171 v.
1229 3126 1258 3170 6
1288 3142 1328 3184 p.
1359 3126 1388 3170 3
1415 3127 1558 3170 unda
1581 3151 1632 3160 -
1671 3126 2013 3184 Cornigeras
2049 3129 2253 3186 rapido
2289 3128 2487 3185 proluit
2521 3144 2673 3176 amne

198 3197 364 3243 feras.
421 3197 482 3240 lb.
512 3197 597 3241 595
625 3197 928 3247 honoribus
957 3206 1121 3248 aucti
1150 3226 1197 3246 =
1224 3207 1272 3250 S.
1301 3206 1346 3259 l,
1374 3205 1424 3259 6,
1456 3205 1507 3249 ll
1543 3206 1732 3264 amplis
1765 3213 1817 3250 et
1850 3206 2154 3253 honoribus
2183 3217 2389 3253 auctos.

424 3277 549 3321 Cath.
577 3277 626 3331 8,
651 3278 708 3322 62
739 3294 939 3337 aquosus
965 3284 1152 3328 humor
1175 3302 1220 3320 =
1246 3285 1295 3330 C.
1321 3286 1369 3342 2,
1401 3286 1473 3338 15,
1504 3285 1557 3328 16
1587 3294 1631 3330 et
1658 3288 2000 3333 observavimus
2029 3290 2086 3331 ad
2117 3290 2419 3336 Samonicum.

2082 3376 2109 3417 5
