3008 3764
111 1556 320 1591 Maecenas.

119 2211 320 2261 Vergilius.

1397 111 1758 170 ‚22-.

340 274 368 314 2
398 288 441 329 p.
468 272 525 313 84
551 272 642 327 sq.)
668 270 743 326 qui
776 271 865 312 sic:
922 269 1143 327 „Utrique
1172 269 1414 327 Tarquinio
1444 277 1657 313 auctores
1689 271 1897 315 videntur
1938 271 2122 329 superbi
2156 271 2366 315 tribuisse
2400 287 2584 318 nomen:
2619 291 2725 322 nam
2767 286 2814 323 et

341 351 548 408 Superbo
578 350 731 392 tribuit
747 349 938 393 Cassius
968 349 1156 393 Hemina
1185 350 1305 405 apud
1332 349 1537 392 Servium
1569 357 1614 392 et
1642 349 1797 392 Livius
1827 357 1873 392 et
1894 350 2040 394 victor
2068 352 2124 394 de
2140 350 2308 395 cloacis
2337 353 2458 410 quod
2475 354 2633 398 Prisco
2651 356 2816 404 Plinius

339 429 544 476 XXXVI.
574 430 631 472 Et
645 431 696 473 in¹
712 430 897 473 Victore
916 428 1234 488 varielegitur.
1263 444 1396 486 quum
1421 430 1477 472 de
1490 428 1669 471 filiabus
1682 430 1839 471 scribit
1850 429 1949 472 Ser.
1967 430 2112 487 Tullii,
2138 432 2271 476 modo
2297 432 2488 492 Superbi
2503 436 2637 479 modo
2655 436 2814 482 Prisci.

338 512 394 555 Et
422 512 544 555 hunc
580 525 759 570 quoque
789 524 921 569 quem
964 511 1240 567 Pomponius
1286 511 1540 567 Superbnm
1571 517 1708 552 vocat
1744 517 1789 552 et
1817 509 1967 565 palam
1997 511 2152 554 scribit
2178 512 2321 557 tuisse
2347 513 2571 558 Demarati
2602 514 2817 560 Corinthii

338 592 489 646 filium,
501 592 804 637 certissimum
820 596 891 634 est
907 590 1042 635 etfuit
1056 603 1202 649 aeque
1216 590 1461 647 Pomponio
1476 602 1532 633 ac
1549 590 1733 651 ceteris,
1749 602 1855 634 esse
1873 589 2088 636 Priscum.
2121 590 2308 638 Ultimus
2327 593 2443 639 enim
2452 591 2815 654 Tarquinius-De·

339 671 500 717 marati
524 685 694 730 nepos,
730 670 874 715 Prisci
907 669 1025 716 filius
1054 669 1139 716 fuit
1166 678 1216 717 ut
1256 669 1410 728 plures
1447 669 1644 715 sentiunt
1668 667 1741 715 vel
1771 676 1820 714 ut
1848 671 1982 728 pauci
2006 669 2235 716 Demarati
2270 687 2520 732 pronepos,
2553 676 2697 720 Prisci
2732 690 2816 721 ne-

340 767 452 810 pos,
482 753 607 811 quod
632 751 862 796 discidium
885 759 1122 796 auctorum
1152 755 1286 796 etiam
1314 758 1514 795 notatum
1545 757 1667 794 extat
1692 750 1738 793 in
1765 751 1967 796 oratione
1992 749 2164 796 Claudii
2180 751 2387 809 Lugduni
2416 755 2461 798 in
2489 769 2594 800 aere
2612 756 2816 801 'incisa.“

341 835 474 885 Quae
500 848 606 878 num
633 829 786 875 valere
818 831 1055 876 videantur
1094 833 1154 877 ad
1188 833 1462 889 superbos
1500 830 1770 889 Tarquini
1805 830 1994 876 fasces
2027 832 2148 889 apud
2193 832 2244 875 H.
2277 832 2327 877 C.
2362 835 2410 888 1,
2448 836 2524 889 12,
2561 836 2620 881 34
2658 838 2815 882 Prisco

342 914 641 959 vindicandos
672 926 792 956 nunc
821 911 919 957 aliis
949 914 1278 958 diiudicandum
1306 912 1634 968 relinquamus3
1662 911 1768 955 illud
1800 919 1924 956 certe
1954 921 2152 968 constat,
2182 914 2387 958 Priscum
2413 930 2504 960 non
2537 919 2682 963 solum
2715 934 2816 964 cum

341 1003 510 1053 nepote
538 993 804 1051 saepissime
848 994 1086 1039 confusum
1116 1009 1245 1047 esse,
1268 995 1366 1037 'sed
1397 993 1527 1036 etiam
1565 992 1734 1048 pariter
1774 1001 1908 1051 atque
1942 994 2063 1038 hunc
2108 996 2349 1052 superbum
2387 996 2533 1040 multis
2568 1001 2838 1045 nominibus

343 1076 613 1121 dominatum
642 1074 925 1121 exercuisse.

1388 1403 1796 1458 Poetae.

571 1553 668 1596 Abs
693 1566 783 1612 quo
812 1560 860 1596 ut
890 1552 1075 1597 honoris
1107 1565 1247 1596 causa
1277 1552 1639 1609 proficiscamur,
1668 1551 1999 1596 Grammaticus
2030 1552 2087 1595 de
2127 1566 2228 1611 gen.
2270 1566 2387 1599 nom.
2430 1555 2549 1612 apud
2577 1554 2814 1613 Hauptium

346 1651 389 1693 p.
419 1634 496 1681 96:
549 1633 798 1684 Quirites
830 1633 1165 1692 singularem
1194 1648 1472 1678 numerum
1500 1647 1601 1677 non
1633 1631 1820 1686 habet,
1851 1645 1974 1676 nam
2002 1631 2304 1679 Maecenas
2336 1634 2475 1678 dixit
2510 1636 2815 1693 quaeritem

345 1716 450 1760 sed
478 1730 580 1758 non
608 1714 892 1769 recipitur.
951 1714 1161 1771 Idemque
1190 1715 1412 1769 praecipit
1441 1720 1768 1757 commentator
1799 1711 2080 1769 Cruquianus
2110 1714 2169 1757 ad
2201 1713 2253 1758 C.
2286 1715 2336 1766 2,
2365 1715 2414 1766 7,
2439 1715 2467 1757 3
2489 1715 2619 1764 Quis
2649 1724 2703 1759 te
2729 1731 2814 1759 re-

346 1797 575 1840 donavit
628 1795 891 1845 Quiritem
933 1796 992 1837 ad
1035 1795 1259 1837 Donatum
1296 1809 1552 1850 provacons
1595 1802 1640 1836 et
1680 1793 1937 1836 Scholiasta
1980 1794 2121 1838 Persii
2157 1794 2209 1848 5,
2252 1794 2319 1839 75.
2401 1795 2552 1851 Friget
2600 1811 2711 1852 prae
2760 1812 2815 1841 eo

345 1876 632 1931 Peerlkampi
663 1874 934 1923 Quiritum
964 1873 1292 1930 singularisque
1322 1873 1364 1915 h.
1402 1873 1429 1916 l.
1491 1872 1712 1926 Cledonii‚
1746 1874 1791 1916 in
1822 1873 1872 1916 E.
1911 1874 1958 1925 l,
1997 1872 2049 1926 6,
2091 1874 2118 1916 7
2152 1874 2383 1919 Diomedis
2426 1877 2690 1920 auctoritate
2737 1878 2817 1920 de—

345 1957 553 2001 fenditur.
617 1954 714 1997 Alia
743 1954 982 2010 singularis
1016 1953 1224 2009 exempla
1254 1967 1294 1996 v.
1325 1953 1445 2009 apud
1474 1953 1707 2008 Suringar.
1738 1952 1851 1995 Hist.
1883 1953 1980 1996 crit.
2013 1953 2256 1997 Scholiast.
2288 1953 2316 1997 3
2342 1970 2383 2010 p.
2415 1954 2507 1997 150.
2566 1955 2817 1999 Licet-sor-

348 2047 474 2081 tasse
505 2037 728 2092 suspicari
759 2036 1011 2092 praeivisse
1052 2034 1361 2077 Maecenatem
1399 2034 1441 2076 in
1478 2033 1568 2077 hoc
1603 2047 1686 2075 usu
1729 2032 1895 2075 ceteris
1932 2033 2101 2088 poetis,
2141 2047 2272 2090 quem
2305 2034 2494 2077 maxime
2525 2033 2709 2078 Ovidius
2746 2049 2816 2079 se-

347 2128 514 2176 quutus
545 2125 627 2160 est.

571 2198 779 2255 „Ubique
809 2203 935 2240 certe
969 2196 1194 2252 Vergilius
1225 2202 1270 2237 ct
1299 2207 1459 2238 nomen
1499 2194 1666 2253 gentile
1704 2201 1749 2237 et
1786 2194 2097 2251 possessivum
2132 2193 2256 2251 ponit
2292 2193 2499 2240 Troius.
2541 2220 2596 2229 —
2652 2194 2819 2240 Contra

347 2292 406 2323 ne
437 2293 552 2323 unus
588 2279 765 2335 quidem
806 2278 927 2334 quod
966 2278 1104 2321 sciam
1138 2276 1311 2319 Horatii
1349 2277 1493 2319 codex
1530 2275 1660 2318 aliter
1694 2274 1830 2318 habet
1872 2287 2004 2331 quam
2040 2274 2264 2330 pulvere
2306 2274 2507 2318 Troico
2544 2284 2587 2318 et
2618 2276 2818 2321 Troica

348 2360 618 2402 sacerdos.“
688 2358 919 2402 Bentleius
964 2358 1022 2400 ad
1067 2356 1119 2401 C.
1170 2355 1218 2408 3,
1262 2356 1311 2407 3,
1352 2356 1407 2398 32
1447 2356 1522 2399 ubi
1570 2364 1718 2398 tamen
1775 2354 1960 2398 Heinsio
2018 2355 2300 2411 obtemperat
2354 2355 2524 2398 Troia
2578 2357 2820 2414 corrigenti

347 2440 467 2497 quod
497 2439 593 2482 iure
622 2440 845 2496 improbat
861 2437 1198 2493 Peerlkampus.
1260 2437 1445 2492 Sequuti
1477 2443 1625 2479 autem
1653 2443 1756 2478 sunt
1782 2433 2086 2491 Vergilianum
2113 2449 2243 2478 usum
2272 2434 2472 2493 plerique
2493 2444 2657 2492 poetae
2674 2436 2817 2482 Statio

346 2526 544 2576 excepto
576 2530 619 2563 et
648 2521 691 2562 in
722 2519 994 2577 Tragoediis
1024 2519 1206 2560 Seneca
1236 2530 1274 2559 v.
1305 2517 1457 2559 Heius.
1486 2517 1546 2559 ad
1577 2517 1658 2559 Ov.
1684 2516 1866 2559 Heroid.
1900 2516 1945 2568 l,
1979 2514 2046 2557 28.
2107 2514 2404 2573 Similiterque
2440 2516 2559 2572 apud
2589 2515 2819 2562 Horatium

345 2601 452 2645 Ilios
468 2598 577 2646 fem.
599 2600 716 2658 quod
730 2608 891 2644 neutro
909 2613 1079 2657 genere
1095 2613 1276 2655 semper
1290 2599 1347 2642 ab
1363 2597 1560 2655 Vergilio
1582 2595 1727 2639 efferri
1745 2603 1935 2640 testatur
1948 2596 2075 2639 Serv.
2085 2595 2144 2638 ad
2162 2594 2297 2653 Verg.
2313 2596 2426 2649 Aen,
2444 2594 2484 2639 3.
2500 2595 2543 2648 3,
2555 2609 2821 2656 quamquam

347 2683 482 2726 etiam
511 2681 648 2726 Ilion
677 2691 820 2726 neutr.
849 2695 968 2725 nunc
998 2681 1161 2737 legitur
1193 2680 1241 2724 C.
1270 2679 1312 2731 3,
1342 2678 1390 2731 3,
1424 2678 1476 2722 18
1503 2694 1545 2722 v.
1575 2676 1755 2722 Lachm.
1783 2676 1903 2721 Mus.
1933 2676 2019 2721 Rh.
2046 2677 2099 2721 N.
2128 2676 2169 2729 3,
2199 2676 2228 2720 4
2255 2692 2302 2734 p.
2334 2675 2434 2729 617,
2466 2677 2539 2735 qui
2567 2677 2820 2725 femininum

346 2764 512 2820 ubique
554 2764 726 2807 restitui
756 2762 864 2808 vult.
923 2763 1096 2806 Livium
1128 2763 1282 2805 dicere
1313 2760 1461 2804 solere
1490 2759 1675 2818 Ilium,
1714 2757 1851 2801 Ilios
1880 2766 2112 2801 auctorem
2143 2758 2437 2813 epitomarum
2465 2760 2679 2804 observat
2704 2761 2819 2805 Dra-

347 2844 483 2886 kenb.
515 2843 574 2885 ad
605 2858 677 2899 ep.
698 2842 769 2885 83.
833 2843 1100 2886 Porsena
1131 2842 1345 2886 Horatius
1383 2849 1426 2884 et
1462 2840 1616 2889 Silius,
1656 2840 1942 2881 Porsenna
1972 2837 2110 2895 Verg.
2142 2838 2256 2881 Aen.
2284 2837 2334 2891 8,
2362 2837 2458 2883 646.
2513 2839 2737 2885 Fidenis
2765 2843 2820 2885 H.

346 2924 397 2966 E.
437 2923 478 2978 1,
510 2922 569 2974 11,
608 2922 685 2977 10,
717 2922 976 2967 Fidenam
1002 2923 1139 2981 Verg.
1169 2923 1222 2966 A.
1253 2922 1314 2974 E,
1342 2922 1436 2965 773.
1494 2921 1641 2979 Magis
1673 2920 1872 2978 Vergilio
1902 2934 2021 2964 amat
2049 2920 2262 2963 Horatius
2300 2921 2442 2963 verba
2477 2922 2633 2966 tertiae
2670 2924 2821 2967 coniu-
2873 2928 2882 2938 ⁸

349 3003 542 3059 gationis
582 3002 850 3053 stridere,
884 3010 1112 3053 cavere,
1142 3001 1396 3052 fervere,
1440 3013 1706 3058 quamquam
1744 3001 1883 3043 habet
1917 3009 1964 3043 ut
2000 3000 2073 3043 ille
2113 3001 2351 3044 lavatum
2392 3010 2436 3044 et
2469 3001 2723 3047 lavantes
2766 3004 2821 3047 de

349 3097 437 3141 qua
467 3082 615 3125 forma
647 3080 703 3125 cs.
731 3081 863 3124 Jahn.
889 3083 946 3125 ad
975 3083 1089 3127 Aen.
1123 3083 1200 3135 10,
1233 3082 1330 3124 727.
1389 3082 1560 3125 invexit
1590 3089 1736 3125 autem
1766 3096 1912 3139 nuper
1939 3081 2134 3125 Orellius
2165 3081 2466 3141 Vergilianum
2496 3084 2672 3127 dicendi
2694 3095 2825 3127 usum

350 3166 392 3206 in
424 3164 571 3207 Serm.
605 3163 651 3215 2,
690 3162 742 3214 8,
781 3163 807 3203 4
839 3164 903 3205 da
942 3165 990 3206 si
1021 3177 1197 3220 grave
1228 3177 1334 3206 non
1369 3171 1456 3207 est
1485 3163 1730 3207 secundum
1761 3170 1869 3206 nota
1901 3162 1977 3206 illa
2005 3164 2048 3206 in
2077 3162 2230 3206 Bucol.
2264 3164 2300 3210 l.
2341 3165 2399 3207 da
2437 3164 2630 3222 Tityre
2665 3164 2822 3209 nobis

351 3253 659 3300 provocatque
704 3244 763 3285 ad
809 3243 1064 3300 Cruquiana
1107 3252 1337 3287 annotata.
1404 3243 1489 3285 Ubi
1536 3243 1869 3285 Commentator
1919 3244 2116 3300 quidem:
2160 3245 2223 3285 da
2270 3245 2316 3287 si
2352 3260 2394 3302 g.
2447 3259 2486 3287 n.
2523 3258 2561 3285 e.
2602 3243 2708 3297 dic,
2745 3247 2822 3289 ait

352 3324 638 3375 Horatius,
676 3325 775 3380 ipse
816 3333 965 3368 autem
997 3324 1150 3382 Cruq.:
1189 3329 1253 3368 da
1281 3324 1329 3369 si
1373 3339 1412 3380 g.
1444 3340 1488 3369 n.
1522 3339 1561 3368 e.
1593 3339 1776 3368 omnes
1811 3324 1937 3368 libri
1968 3325 2161 3382 scripti
2192 3325 2410 3377 habent,
2455 3326 2562 3376 dic,
2605 3334 2824 3371 commate

352 3405 466 3448 male
498 3405 739 3461 apposito,
777 3419 879 3447 nam
922 3413 1092 3448 tantum
1128 3407 1256 3449 abest
1287 3414 1334 3448 ut
1368 3404 1587 3461 Cruquius
1614 3406 1806 3450 voluerit
1834 3408 1988 3450 dicere
2019 3420 2175 3450 omnes
2203 3406 2343 3449 libros
2372 3406 2541 3448 habere
2569 3406 2634 3448 da
2659 3414 2708 3449 ut
2733 3421 2823 3452 non
