3008 3764
249 304 493 363 plerasque
530 300 829 344 si21Blandinii
858 308 1027 358 quanta
1066 299 1260 342 maxima
1303 300 1401 343 fieri
1442 307 1602 356 posset
1643 314 1754 344 cura
1799 308 1843 343 et
1897 299 2123 358 diligentia
2164 298 2313 343 collati
2334 313 2512 347 aessent
2544 314 2737 351 sanms

249 391 372 428 nnnc
401 395 528 435 esse;
575 389 777 424 ceterum
807 394 943 437 quum
979 393 1038 422 ne
1078 378 1125 420 hi
1148 379 1333 435 vquidem
1363 379 1615 423 manifestis
1654 380 1774 423 vitiis
1797 390 2025 434 careant,
2056 381 2270 437 -suspicio
2298 365 2405 424 milii
2421 386 2622 429 suborta
2650 396 2736 439 est,

252 476 407 508 omnes
436 461 683 504 carminum
712 461 854 503 libros
882 460 1046 501 ductos
1070 472 1178 501 esse
1205 472 1263 500 ex
1294 459 1542 515 exemplari
1571 460 1790 515 quodam,
1821 462 1867 503 in
1899 472 1991 518 quo
2025 463 2148 506 initia
2190 461 2736 510 et.clausulae÷vemnum

252 556 365 587 casu
391 542 589 599 quodam
622 546 864 596 corruptae
894 545 941 581 et
967 545 1203 581 truncatae
1232 544 1405 580 essent.
1466 537 1602 580 Certe
1620 536 1931 586 Bentleianum
1949 543 2316 585 commentarium
2331 540 2554 589 evolventi
2576 547 2736 599 quavis

249 622 348 667 fere
377 622 546 678 pagina
575 619 768 677 patebit,
800 617 1041 663 manifesta
1070 618 1178 661 vitia
1206 617 1424 674 pleraque
1453 617 1497 660 in
1528 617 1601 662 his
1625 618 1814 663 sedibus
1842 618 2050 663 inveniri.

475 782 568 824 lam
594 794 705 823 vero
736 779 1042 837 quaerendum
1070 779 1267 831 videtur,
1297 792 1402 821 num
1432 791 1491 820 ex
1519 777 1575 819 iis
1612 789 1729 833 quae
1757 777 2043 839 grammatici·
2066 775 2230 834 aliique
2269 780 2521 837 scriptores
2554 790 2612 823 ex
2640 778 2737 824 Ho-

250 864 366 908 ratio
412 861 604 907 afferunt
642 867 866 918 appareat
907 859 1014 904 olim
1054 859 1187 904 aliter
1232 858 1395 903 lectum
1443 870 1550 902 esse
1600 865 1734 915 atque
1777 870 1911 902 nunc.
1973 858 2174 908 Quorum
2208 866 2256 902 ut
2291 859 2643 918 antiquissimum
2673 860 2736 904 ita

250 942 445 989 maxime
473 939 763 987 memorabile
795 939 927 984 nobis
957 939 1102 985 visum
1134 945 1205 985 est
1238 938 1382 984 Persii
1412 936 1630 982 scholium
1657 936 1702 980 in
1731 935 1898 995 glossis
1928 936 2187 981 Pithoeanis
2217 936 2422 993 S.3,.21,
2452 940 2572 998 quod
2602 939 2738 985 habet

252 1024 384 1082 quin
413 1030 469 1066 tu
500 1037 584 1080 pro
615 1028 804 1065 tantos
832 1021 879 1064 in
910 1021 962 1064 H.
992 1020 1041 1065 S.
1060 1020 1110 1074 2,
1138 1020 1180 1073 3,
1213 1019 1269 1063 13
1296 1020 1416 1063 unde
1430 1017 1702 1075 Rutgersius
1735 1024 1781 1061 et
1798 1016 2029 1061 Bentleius
2055 1017 2186 1075 quid
2213 1024 2268 1060 tu
2293 1015 2537 1063 faciebant.
2568 1021 2738 1066 Verum

251 1117 343 1148 nec
379 1104 496 1147 haec
540 1101 748 1145 lectionis
795 1101 1103 1157 discrepantia
1144 1114 1230 1144 nec
1267 1113 1384 1157 qnae
1421 1099 1544 1155 apud
1576 1097 1907 1141 Grammaticos
1935 1098 2217 1140 inveniuntur
2244 1098 2473 1141 variantes
2501 1101 2738 1157 lectiones,

253 1183 393 1226 multo
422 1181 526 1224 illae
558 1181 834 1238 antiquiores
865 1180 1185 1237 antiquissimis
1221 1179 1495 1222 membranis
1531 1179 1726 1227 nostris,
1766 1178 1985 1222 eiusmodi
2021 1185 2127 1221 sunt
2161 1184 2211 1222 ut
2244 1185 2323 1222 aut
2363 1186 2530 1222 textum
2567 1181 2740 1226 Horatii

253 1262 495 1321 aliquando
525 1261 818 1317 discrepasse
850 1259 1031 1303 multum
1063 1260 1120 1302 ab
1151 1272 1207 1302 eo
1236 1273 1325 1317 quo
1355 1272 1476 1301 nunc
1506 1259 1669 1301 utimur
1699 1259 1974 1302 credendum
2012 1258 2070 1301 sit
2108 1266 2184 1302 aut
2212 1266 2261 1302 ut
2290 1273 2370 1302 eas
2400 1260 2634 1315 probando
2668 1276 2738 1305 re-

257 1352 439 1401 ceptam
476 1342 714 1384 lectionem
768 1349 941 1383 mutare
988 1334 1216 1396 cogamur.
1287 1339 1422 1388 Quod
1467 1338 1578 1381 fecit
1615 1337 1843 1381 Bentleius
1883 1337 1933 1381 C.
1967 1340 2014 1391 1,
2062 1337 2134 1390 13,
2168 1339 2195 1380 2
2245 1339 2434 1383 lactea
2484 1355 2540 1384 ex
2584 1341 2738 1385 Flavio

256 1427 410 1482 Capro
453 1440 495 1480 p.
528 1436 690 1465 cerea
723 1436 980 1478 reponens;
1016 1420 1176 1463 iniuria
1211 1422 1251 1463 si
1295 1420 1400 1477 quid
1440 1420 1597 1462 sentio.
1659 1418 1834 1462 Cerea
1863 1419 1980 1461 enim
2011 1418 2100 1462 hoc
2132 1418 2233 1462 loco
2263 1435 2352 1462 non
2387 1434 2486 1463 eam
2516 1421 2739 1478 significa-

256 1509 421 1551 tionem
451 1505 621 1546 habere
651 1516 768 1560 quae
798 1503 925 1544 verbi
952 1515 1094 1544 causa
1120 1502 1292 1544 obtinet
1322 1501 1444 1556 apud
1477 1501 1654 1545 Auson.
1686 1515 1758 1555 ep.
1787 1499 1836 1551 3,
1870 1500 1903 1544 1.
1937 1500 1976 1542 2.
2007 1501 2204 1543 turdus
2233 1526 2292 1534 —
2320 1499 2516 1545 clunes
2545 1504 2742 1558 opimat

259 1600 459 1634 cereas
499 1592 691 1642 apparet
735 1598 793 1626 ex
834 1584 1047 1640 apposito
1093 1596 1263 1626 rosea
1300 1583 1468 1639 pariter
1507 1589 1640 1639 atque
1678 1581 1927 1638 religata
1965 1581 2013 1623 C.
2053 1582 2106 1632 4,
2145 1582 2195 1623 11
2240 1583 2329 1624 init.
2362 1598 2453 1626 non
2482 1583 2741 1639 significare

259 1669 407 1714 soluta
435 1668 519 1711 sed
549 1666 698 1721 potius
729 1663 922 1706 collecta
953 1677 1011 1705 ex
1039 1664 1180 1704 verbo
1212 1662 1403 1718 fulges
1431 1663 1701 1718 intelligitur.
1758 1663 1969 1704 Lactea
1998 1663 2242 1704 memoriae
2271 1677 2400 1706 error
2440 1664 2634 1715 videtur,
2667 1665 2742 1720 qui

259 1764 316 1794 eo
345 1747 519 1792 facilior
551 1752 649 1788 erat
679 1757 767 1802 quo
798 1743 984 1800 saepius
1013 1744 1296 1799 posteriores
1328 1749 1492 1798 poetae
1523 1742 1609 1785 hoc
1636 1742 1856 1784 vocabulo
1888 1742 1958 1784 usi
1987 1749 2092 1783 sunt
2120 1742 2245 1784 velut
2273 1742 2505 1786 lacteus
2532 1742 2739 1785 lacteo·

256 1829 340 1874 lus
368 1830 414 1871 in
444 1827 716 1882 Anthologia
741 1826 793 1868 L.
829 1832 874 1867 et
898 1825 1100 1866 incertus
1132 1831 1268 1879 poeta
1303 1824 1376 1880 qui
1408 1822 1687 1865 Floridorum
1719 1832 1763 1865 et
1799 1823 2168 1865 Petronianorum
2208 1823 2409 1865 colorem
2445 1823 2586 1866 refert
2620 1824 2741 1880 apud

258 1907 477 1951 Isidorum
508 1905 583 1957 ll,
614 1903 663 1955 2,
690 1902 770 1945 29:
811 1901 1006 1945 Florea
1047 1902 1330 1953 iuventus,
1372 1902 1558 1944 lactea
1599 1902 1857 1945 canities.
1916 1903 2038 1944 Ideni
2080 1902 2310 1945 Bentleius
2351 1904 2470 1960 quod
2508 1917 2566 1946 ex
2595 1904 2742 1946 Mario

262 1987 493 2030 Victorino
524 1985 700 2041 recepit
730 1997 879 2026 mero
910 1981 1230 2025 incaluisse
1259 1982 1440 2023 virtus
1472 1996 1554 2037 pro
1586 1996 1734 2025 mero
1765 1981 2010 2025 caluisse
2038 1983 2222 2025 virtus
2253 1982 2451 2035 C.3,21‚
2476 1983 2529 2024 12
2559 1984 2744 2027 auribus

260 2066 452 2111 blandiri
489 2072 667 2122 poterat
695 2071 802 2106 ante
834 2061 1121 2118 praeclarum
1150 2060 1428 2104 Lachmanni
1458 2062 1685 2105 inventum
1715 2062 1770 2105 de
1803 2061 1989 2106 elisione
2023 2063 2316 2108 iambicorum
2348 2063 2671 2108 vocabulorum
2700 2080 2742 2108 v.

259 2147 382 2190 hunc
412 2146 467 2187 ad
503 2145 675 2187 Lucret.
708 2159 754 2200 p.
789 2142 884 2188 199.
948 2142 1007 2185 Et
1049 2141 1214 2185 amavit
1255 2142 1508 2198 composita
1548 2149 1595 2185 ut
1633 2156 1692 2186 ex
1722 2143 1986 2187 coniectura
2015 2144 2199 2199 scripsit
2229 2143 2275 2188 S.
2303 2144 2349 2196 l,
2384 2144 2434 2197 3,
2468 2143 2551 2187 116
2579 2144 2745 2187 alieni

260 2225 562 2282 infregerit
592 2224 744 2267 horti
773 2237 856 2280 pro
887 2221 1145 2279 fregerit,
1175 2235 1444 2280 quamquam
1474 2222 1560 2280 Ep.
1589 2222 1661 2275 17,
1692 2223 1747 2265 72
1777 2231 1973 2267 nectes
2013 2222 2165 2267 maluit
2198 2238 2329 2282 quam
2360 2225 2567 2268 codicum
2597 2225 2744 2269 inne·

261 2314 395 2349 ctes.
455 2305 591 2347 Plura
619 2311 768 2346 autem
809 2304 1029 2346 eiusmodi
1062 2304 1106 2345 in
1143 2301 1269 2346 libris
1307 2316 1414 2345 mss.
1459 2303 1768 2359 reperiuntur,
1809 2303 1931 2346 velut
1966 2301 2279 2360 insequitur
2323 2320 2363 2361 p.
2390 2305 2595 2362 sequitur
2624 2305 2674 2347 C.
2702 2305 2744 2357 3,

265 2386 339 2437 16,
374 2387 425 2428 17
457 2385 558 2443 Gtg.
591 2386 608 2428 1
639 2385 760 2443 apud
789 2384 1088 2429 Kirchnerum
1117 2399 1161 2428 v.
1193 2384 1248 2427 cl.
1279 2399 1322 2441 p.
1353 2384 1408 2426 27
1440 2392 1485 2428 et
1512 2398 1569 2428 ex
1600 2384 1713 2441 ipsis
1743 2384 1989 2428 Blandiniis
2018 2398 2136 2428 unus
2164 2385 2533 2429 intendentes
2565 2383 2614 2428 C.
2632 2384 2674 2438 3,
2703 2386 2745 2436 4,

261 2468 315 2511 51
350 2481 434 2523 pro
468 2467 788 2518 tendentes,
834 2466 939 2524 quin
980 2466 1113 2509 etiam
1157 2466 1201 2508 in
1231 2465 1341 2522 Epp.
1375 2465 1421 2519 l,
1462 2466 1534 2518 10,
1556 2465 1597 2509 9
1624 2464 1887 2509 Blandinius
1918 2465 2329 2523 antiquissimus.et
2355 2466 2552 2510 Divaeus
2579 2466 2747 2511 habent

262 2546 497 2592 effertis
529 2561 609 2603 pro
640 2545 821 2604 vulgato
851 2546 1024 2590 fertis,
1072 2570 1121 2578 —
1181 2546 1252 2588 De
1284 2545 1477 2589 Charisii
1505 2546 1782 2589 variantibus
1812 2545 2080 2590 lectionibus
2111 2546 2405 2597 disseruimus
2434 2547 2478 2589 in
2509 2547 2672 2590 Museo
2694 2548 2745 2590 N.

263 2627 511 2677 Rhena1103
552 2639 607 2670 ne
648 2633 693 2671 te
728 2625 859 2670 fallat
899 2626 1022 2684 quod
1063 2626 1102 2670 is
1143 2625 1279 2668 habet
1326 2640 1373 2682 p.
1405 2626 1461 2668 57
1493 2627 1565 2670 ed.
1598 2627 1647 2669 L.
1678 2625 1865 2670 lassas
1911 2627 2109 2670 clunes
2150 2642 2200 2685 p..
2240 2627 2504 2685 pulchras
2563 2628 2748 2671 clunes

264 2707 313 2753 S.
343 2706 392 2760 l,
427 2705 475 2759 2,
504 2704 581 2758 89,
616 2705 853 2763 ingeniose
894 2706 1092 2749 correxit
1132 2706 1354 2764 Hauptius
1393 2707 1474 2751 Ov.
1505 2713 1550 2749 et
1590 2706 1716 2750 Grat.
1749 2719 1792 2764 p.
1821 2706 1901 2749 74:
1944 2707 2022 2749 vix
2049 2707 2250 2750 sustineo
2280 2706 2438 2750 clunes
2480 2738 2746 2752 ........

265 2794 310 2832 et
336 2784 551 2831 Horatius
582 2783 804 2842 „pulcrae
834 2783 1020 2829 clunes“
1050 2792 1096 2829 et
1119 2784 1369 2839 Scaevola,
1397 2785 1546 2830 lassas
1575 2785 1747 2831 clunes.
1780 2810 1836 2820 —
1865 2785 2096 2845 Eutyches
2125 2787 2167 2841 2,
2193 2786 2221 2830 3
2250 2801 2293 2844 p.
2325 2786 2406 2830 178
2432 2788 2504 2835 ed.
2533 2787 2585 2830 L.
2615 2787 2751 2832 habet

265 2867 470 2924 fatiget
503 2879 586 2922 pro
617 2864 832 2922 fatigat
878 2865 923 2911 S.
951 2864 1000 2923 2,
1032 2864 1082 2919 2,
1125 2866 1174 2909 ll
1220 2866 1340 2924 quod
1385 2866 1586 2924 pedestri
1628 2866 1819 2911 orationi
1854 2867 2131 2913 conveniret.
2195 2867 2404 2926 Idemque
2444 2866 2486 2921 2,
2519 2866 2548 2910 8
2591 2882 2636 2926 p.
2669 2867 2751 2912 186

267 2947 593 3005 „Psallimus
632 2955 676 2990 et
713 2945 930 2990 saltamus
964 2946 1153 2992 Achivis
1186 2948 1383 2991 scitius
1420 2948 1609 2991 unctis“
1646 2947 1695 2990 Ε.
1727 2946 1777 2999 2,
1809 2947 1854 3000 l,
1882 2946 1939 2991 33
1968 2948 2088 3004 quod
2113 2947 2405 2992 vehementer
2432 2948 2601 3005 placuit
2628 2948 2750 2993 Feae

268 3043 377 3086 prae
408 3026 591 3085 vulgato
620 3024 920 3070 luctamur·
940 3026 1174 3071 unctius.
1232 3026 1443 3080 Temere,
1472 3035 1521 3071 ut
1543 3027 1772 3072 docebunt
1799 3027 2087 3085 interpretes.
2127 3027 2371 3073 Memoriae
2385 3027 2492 3073 vitia
2504 3043 2594 3073 non
2608 3027 2752 3085 magis

271 3118 371 3152 sunt
400 3123 534 3165 quam
566 3108 686 3164 quod
723 3107 767 3149 in
804 3107 1000 3150 Terentii
1030 3107 1224 3164 Adelph.
1255 3108 1294 3160 l,
1319 3109 1370 3160 2,
1400 3108 1454 3151 37
1484 3108 1632 3153 Varro
1666 3110 1722 3153 de
1751 3110 1804 3152 L.
1835 3110 1888 3153 L.
1923 3110 1975 3161 7,
2006 3109 2034 3152 5
2064 3124 2105 3165 p.
2136 3106 2221 3152 362
2250 3123 2334 3165 pro
2368 3109 2599 3154 obsonat
2626 3106 2754 3152 affert

272 3198 570 3240 scortatur,
602 3187 722 3243 quod
751 3187 975 3230 adversus
1004 3187 1254 3231 Bentleium
1293 3188 1538 3232 defendere
1578 3198 1766 3232 conatur
1798 3188 2084 3245 Spengelius.
2151 3186 2362 3231 Similiter
2399 3188 2612 3239 Servius,
2648 3202 2753 3230 cor-

269 3269 528 3324 ruptissima
559 3279 768 3323 quaeque
800 3280 858 3307 ex
885 3266 1069 3309 Horatio
1101 3268 1299 3310 afferens
1330 3276 1464 3324 atque
1495 3269 1626 3310 etiam
1656 3284 1885 3313 excusans
1915 3270 1982 3323 (v.
2007 3267 2238 3311 Horatian.
2269 3284 2311 3324 p.
2329 3269 2391 3323 l),
2422 3269 2480 3309 ad
2514 3266 2593 3310 Ge.
2612 3266 2751 3324 Verg.

273 3349 323 3399 l,
349 3347 433 3390 287
463 3347 598 3390 habet
631 3346 866 3405 vigilant
897 3347 962 3389 de
995 3356 1164 3390 nocte
1195 3347 1453 3391 latrones
1495 3349 1545 3392 E.
1576 3349 1624 3400 l,
1666 3350 1716 3401 2,
1750 3349 1806 3392 32
1851 3366 1895 3405 p.
1939 3357 2189 3404 surgunt,
2235 3356 2283 3392 ut
2323 3356 2369 3391 et
2411 3346 2576 3393 Guelff.
2615 3348 2750 3393 codd.

270 3440 478 3485 unusque
508 3426 640 3471 Feae.
702 3427 821 3470 Alibi
850 3428 964 3469 duos
993 3426 1118 3471 locos
1148 3430 1192 3471 in
1218 3442 1351 3471 unum
1383 3430 1506 3486 cogit
1539 3436 1587 3472 ut
1617 3429 1768 3472 Bucol.
1798 3430 1846 3482 4,
1879 3429 1954 3471 10:
2000 3429 2134 3472 Sive
2168 3437 2220 3472 te
2249 3428 2513 3470 Lucinam
2550 3430 2754 3484 probas
