3008 3764
1339 96 1713 154 -24-

296 260 429 302 etiam
457 270 513 299 ne
546 256 647 313 plus
678 263 1025 313 expectaremus
1056 269 1187 313 quam
1214 255 1320 299 illud
1350 257 1496 313 ipsum
1524 255 1851 301 animalculum.
1911 257 1978 299 lta
2009 269 2204 300 murem
2241 262 2389 299 tuetur
2426 258 2512 301 adi.
2549 266 2594 302 et
2631 273 2761 317 prae·

295 338 477 383 missum
521 336 607 381 adi.
644 349 804 402 rursus
841 336 1056 381 lectorem
1093 342 1358 393 praeparat,
1397 347 1455 379 ne
1494 336 1598 393 quid
1645 337 1817 393 grande
1862 341 2116 393 expectet.“
2175 336 2275 388 Quo
2318 348 2376 381 ex
2416 336 2518 380 loco
2568 340 2765 395 argutior

296 418 454 475 aliquis
484 415 703 473 colligere
731 425 910 474 posset,
949 414 1184 473 epistolam
1216 416 1274 459 ad
1299 416 1491 461 Pisones
1519 430 1612 461 non
1640 430 1695 461 eo
1728 430 1816 473 quo
1846 431 1991 475 nuper
2020 432 2152 476 quum
2181 416 2255 462 alii
2283 423 2375 461 tum
2403 415 2630 461 Prellerus
2660 432 2765 463 con-

297 496 436 540 tendit
465 479 670 552 tempore
703 510 807 539 esse
838 495 1154 551 compositum,
1185 508 1338 538 verum
1371 502 1475 551 post
1505 495 1624 539 edita
1656 495 1886 552 Georgica
1915 505 1959 540 et
1990 494 2084 542 tres
2115 497 2356 542 carminum
2384 494 2523 540 libros
2549 496 2766 546 Quintilii-

297 591 387 634 que
434 585 622 620 mortem
665 584 709 620 et
746 583 848 619 ante
877 573 1061 632 Vergilii
1093 574 1309 632 Variique
1356 575 1519 619 obitum
1551 574 1933 633 epistolarumque
1976 575 2134 621 librum
2178 576 2423 623 secundum
2466 576 2510 621 in
2562 577 2658 621 dias
2702 575 2765 620 lu-

296 659 427 701 minis
469 673 608 701 auras
651 658 860 701 emissum
908 657 936 699 i.
973 671 1010 700 e.
1040 665 1146 714 post
1176 670 1215 699 a.
1248 656 1332 698 730
1360 665 1403 700 et
1434 666 1538 700 ante
1569 673 1608 700 a.
1639 657 1735 699 735.
1795 657 1876 700 Cui
1905 658 2153 702 sententiae
2182 674 2211 702 a
2240 660 2473 704 Reenenio
2502 659 2765 717 propositae

294 741 398 781 olim
426 739 585 782 favere
615 741 788 781 videtur
827 754 868 781 v.
896 738 982 779 306
1010 738 1205 780 Munus
1250 746 1302 780 et
1343 737 1592 780 officium
1634 737 1708 779 nil
1739 739 2002 781 scribens
2032 741 2155 794 ipse
2186 741 2392 783 docebo
2422 742 2476 784 cl.
2504 741 2616 798 Epp.
2647 741 2694 795 2,
2724 741 2765 791 l,

293 820 397 861 111:
454 821 578 878 lpse
606 835 704 878 ego
734 819 822 877 qui
850 817 1033 862 nullos
1062 834 1141 862 me
1172 818 1443 862 affirmem
1485 819 1737 861 scribere
1778 816 1976 862 versus
2021 819 2029 877 Ι
2067 820 2325 865 Iuvenior
2352 822 2584 866 Parthis
2621 836 2766 865 men-

293 903 504 945 dacion

517 992 775 1035 Allusiones
814 996 988 1041 autem,
1025 997 1071 1032 ut
1106 990 1195 1032 hoc
1237 1004 1415 1049 quoque
1464 992 1701 1048 attingam,
1744 990 1918 1033 Horatii
1960 992 2017 1033 ad
2051 991 2296 1050 Vergilium
2337 1001 2441 1035 sunt
2475 996 2651 1052 quidem
2692 996 2766 1053 qui

295 1073 650 1130 deprehendisse
681 1072 765 1114 sibi
795 1072 879 1113 visi
910 1071 1019 1122 sint,
1048 1084 1233 1128 quarum
1264 1079 1411 1112 tamen
1442 1072 1567 1113 nulla
1595 1080 1719 1115 certa
1750 1080 1830 1115 est.
1875 1073 2007 1122 Quod
2036 1073 2151 1114 euim
2167 1073 2390 1116 Frankius
2418 1075 2766 1133 rigidumque

293 1152 564 1210 Niphaten
597 1151 646 1199 C.
668 1151 712 1204 2,
744 1150 787 1204 9,
819 1151 873 1194 18
901 1150 1154 1207 composuit
1184 1163 1285 1193 cum
1317 1151 1592 1196 Maronianis
1609 1151 1689 1196 Ge.
1720 1152 1762 1195 3.
1795 1152 1873 1195 30:
1905 1152 2094 1195 addam
2126 1154 2294 1197 urbes
2324 1153 2493 1197 Asiae
2527 1154 2766 1200 domitas

230 1294 236 1310 Ι
295 1233 615 1292 pulsuquue
646 1230 948 1289 Niphaten,
977 1237 1193 1276 accurata
1223 1231 1520 1289 disputatione
1551 1232 1762 1290 Ungerus
1791 1232 1847 1277 de
1876 1230 2034 1290 Valgio
2065 1247 2105 1290 p.
2136 1231 2221 1277 345
2250 1247 2316 1292 sq.
2346 1232 2551 1280 effecisse
2580 1234 2767 1289 videtur,

104 2797 273 2832 Ovidius.

294 1323 344 1359 ut
375 1316 493 1372 apud
523 1314 753 1357 Horatium
781 1312 1002 1369 Niphates
1034 1326 1184 1367 mons,
1216 1320 1373 1356 eontra
1401 1312 1566 1357 flumen
1595 1314 1794 1358 eiusdem
1824 1315 2012 1365 nominis
2036 1315 2161 1372 'apud
2191 1314 2435 1373 Vergilium
2470 1314 2650 1373 intelligi
2692 1316 2767 1359 de-

293 1398 411 1440 beat.
470 1395 566 1438 Nec
597 1394 863 1438 crediderim
895 1408 1010 1451 'cum
1047 1392 1299 1436 Kirchnero
1328 1409 1369 1436 v.
1409 1393 1466 1436 cl.
1508 1394 1550 1437 in
1590 1394 1734 1440 Serm.
1768 1395 1815 1448 l,
1860 1395 1906 1448 1,
1950 1394 2032 1438 114
2080 1394 2310 1449 festivam,
2347 1404 2395 1439 ut
2431 1396 2512 1448 ait,
2548 1395 2768 1454 παρῳδίαυ

293 1476 707 1532 inesseVergiliani
735 1473 850 1517 illius
867 1474 947 1517 Ge.
979 1474 1025 1525 1,
1052 1473 1159 1515 512:
1200 1475 1288 1529 Ut,
1321 1489 1437 1516 cum
1468 1477 1790 1519 carceribus
1821 1491 1947 1520 sese
1978 1476 2237 1520 effudere
2267 1476 2590 1533 quadrigae.
2635 1478 2768 1527 Quod

295 1556 526 1615 probabile
556 1556 698 1598 videri
729 1563 908 1611 posset,
942 1556 981 1598 si
1013 1554 1117 1596 alibi
1145 1569 1324 1612 quoque
1362 1553 1590 1597 allusisset
1619 1556 1676 1596 ad
1707 1556 1836 1597 amici
1865 1569 2028 1599 versus
2057 1557 2297 1614 quosdam,
2337 1556 2465 1598 cuius
2504 1557 2571 1598 rei
2607 1555 2771 1599 nullum

295 1651 483 1697 usquam
513 1637 763 1693 vestigium.
824 1637 978 1694 ltaque
1008 1634 1138 1676 Ennii
1169 1642 1246 1676 aut
1283 1633 1468 1676 alicuius
1496 1635 1665 1677 veteris
1703 1643 1868 1692 poetae
1905 1635 2053 1677 locum
2095 1636 2138 1677 in
2176 1625 2322 1678 oculis
2360 1635 2573 1677 habuisse
2604 1643 2768 1678 utrum·

296 1732 404 1777 que,
442 1733 497 1760 ex
538 1717 810 1774 reliquorum
851 1716 940 1757 huc
979 1715 1291 1772 pertinentium
1333 1714 1532 1757 locorum
1578 1717 1913 1771 comparatione
1964 1715 2176 1772 colligere
2214 1715 2329 1758 licet.
2391 1717 2503 1758 Sunt
2538 1722 2685 1757 autem
2723 1716 2769 1757 hi

296 1800 344 1843 S.
370 1799 473 1851 1,1,
505 1798 581 1840 36:
624 1798 777 1846 Quae
808 1796 965 1839 simul
997 1797 1282 1838 inversum
1312 1796 1656 1838 constrictat
1680 1796 1961 1852 Aquarius
1991 1809 2205 1841 annum.
2232 1796 2285 1838 ib.
2317 1796 2363 1848 2,
2395 1794 2450 1837 37
2481 1794 2594 1851 el.2,
2624 1796 2666 1847 4,
2693 1795 2768 1837 63;

296 1879 512 1922 Audire
549 1885 635 1921 cst
672 1890 881 1933 operae
917 1876 1158 1932 pretium
1194 1877 1508 1932 procedere
1544 1883 1699 1918 recte
1748 1877 1891 1931 (totus
1920 1875 2175 1932 Ennianus)
2212 1876 2260 1928 5,
2296 1876 2343 1918 9:
2402 1876 2510 1918 lam
2545 1889 2651 1918 nox
2689 1877 2770 1918 in·

298 1959 503 2002 ducere
545 1957 717 2000 terris
752 1955 1000 2007 [Umbras
1047 1963 1101 1997 et
1156 1954 1316 1997 caelo
1361 1953 1681 1998 diffundere
1732 1955 1889 2012 signa
1944 1956 2190 2012 parabat.
2244 1956 2306 2001 ib.
2348 1955 2415 1999 92.
2476 1957 2575 2007 Qui
2612 1956 2768 2001 locus

297 2054 325 2080 a
356 2038 491 2080 forti
516 2038 771 2078 Diomede
804 2045 888 2077 est
918 2035 1178 2077 conditus
1218 2035 1356 2077 olim.
1384 2034 1431 2086 6,
1462 2034 1539 2076 233
1592 2035 1695 2079 Sed
1732 2033 1976 2089 fulgente
2008 2035 2178 2077 trahit
2216 2035 2568 2079 constrictos
2591 2035 2771 2092 gloria

299 2132 479 2161 curru.
510 2116 558 2167 S,
600 2115 669 2160 23.
728 2116 851 2157 Vidi
884 2122 1103 2172 egomet
1134 2116 1293 2171 nigra
1337 2116 1676 2157 succinctam
1714 2116 1922 2159 vadere
1961 2114 2141 2172 palla,
2180 2116 2307 2159 cuius
2337 2117 2503 2159 initium
2533 2131 2590 2160 ex
2614 2117 2771 2160 eodem

296 2198 420 2242 fonte
449 2198 636 2253 sumpsit
668 2196 804 2251 Verg.
841 2197 956 2237 Aen.
995 2196 1048 2246 3,
1087 2195 1191 2245 623,
1231 2196 1285 2246 2,
1333 2196 1376 2247 1,
1413 2195 1469 2238 58
1499 2210 1599 2238 seu
1629 2211 1770 2239 mors
1802 2197 1947 2239 atris
1978 2195 2347 2239 circumvolat
2379 2197 2514 2247 alis3
2553 2197 2598 2248 2,
2631 2198 2678 2250 5,
2714 2198 2771 2241 38

298 2277 492 2335 παρῳδία
520 2276 719 2319 Bibaculi
749 2277 805 2319 de
839 2290 929 2332 qua
960 2284 1142 2331 praeter
1179 2276 1488 2318 lVeichertum
1513 2276 1572 2318 cf.
1599 2276 1831 2326 Orellium3
1859 2276 1901 2332 2,
1929 2277 1978 2329 6,
2015 2277 2095 2318 100
2132 2278 2347 2333 Iamque
2390 2279 2621 2320 tenebat
2655 2278 2770 2321 Nox

299 2358 532 2403 medium
562 2356 709 2401 coeli
738 2357 996 2413 spatium,
1026 2370 1155 2414 quani
1186 2356 1529 2413 descriptionem
1560 2370 1616 2399 ex
1646 2356 1789 2399 Ennio
1820 2354 1965 2400 aliove
1998 2356 2127 2413 epico
2151 2362 2286 2413 poeta
2303 2355 2400 2400 sine
2418 2356 2551 2400 dubio
2566 2355 2771 2400 haustam

297 2440 501 2496 pluribus
533 2437 816 2494 persequitur
845 2436 982 2492 Verg.
1020 2436 1133 2478 Aen.
1171 2436 1222 2488 4,
1260 2435 1343 2476 522
1376 2450 1441 2492 sq.
1477 2443 1521 2478 et
1548 2435 1600 2488 8,
1639 2436 1695 2479 26
1724 2452 1816 2493 sq.,
1855 2452 2012 2480 rursus
2053 2437 2099 2479 in
2137 2436 2318 2480 brevius
2357 2437 2579 2479 contraxit
2614 2445 2771 2480 auctor

299 2520 416 2575 epid.
443 2518 566 2560 Iliad.
598 2518 697 2559 110.
735 2531 841 2560 nam
871 2518 991 2574 quod
1015 2518 1071 2560 ib.
1101 2532 1140 2559 ν.
1168 2516 1225 2558 93
1257 2517 1470 2559 allusisse
1504 2525 1642 2572 poeta
1673 2518 1732 2559 ad
1762 2517 2018 2574 Euripidem
2050 2515 2217 2560 Orellio
2246 2518 2445 2569 videtur,
2485 2517 2663 2574 longius
2693 2532 2770 2574 pe·

300 2602 427 2643 titum
458 2607 526 2641 est
563 2612 661 2640 mea
694 2597 941 2647 sententia3
983 2605 1140 2639 contra
1172 2598 1226 2640 ib.
1261 2597 1363 2639 114:
1395 2598 1584 2640 domus
1616 2598 1730 2640 alta
1759 2597 2028 2641 Molossis
2064 2598 2069 2652 Ι
2102 2598 2395 2643 Personuit
2423 2599 2659 2642 canibus
2696 2599 2771 2643 he-

300 2682 473 2723 roicum
504 2679 710 2735 quiddam
738 2678 887 2721 habet.
949 2677 1151 2733 Denique
1179 2677 1278 2733 Epp
1313 2678 1359 2725 1,
1390 2678 1463 2728 16,
1494 2678 1549 2718 25
1583 2679 1705 2721 Varii
1730 2679 1908 2722 videtur
1938 2692 2056 2721 esse.

527 2783 809 2839 Ingeniosum
848 2789 1031 2838 poetam
1070 2782 1214 2824 libero
1252 2782 1411 2823 iudicio
1451 2796 1584 2839 quum
1617 2782 1732 2825 alios
1773 2792 1861 2825 tum
1900 2796 2031 2840 quem
2064 2784 2163 2839 ipse
2206 2781 2408 2825 cultum
2455 2795 2565 2839 prae
2608 2785 2773 2826 ceteris

302 2863 506 2922 appellat
534 2871 712 2921 poetam
748 2864 961 2907 imitatum
999 2878 1103 2908 esse
1149 2875 1238 2904 non
1281 2869 1351 2905 est
1392 2864 1511 2921 quod
1548 2865 1735 2907 doceam
1771 2871 2126 2922 annotaruntque
2164 2864 2434 2920 interpretes
2472 2863 2774 2923 imprimisque

304 2945 512 2988 Orellius.
575 2946 799 2993 Quocirca
830 2945 1046 3001 pauciora
1076 2944 1309 2987 addemus.

530 3050 755 3093 Plenum
789 3051 915 3103 „fere
946 3051 1160 3106 semper“
1191 3063 1290 3092 cum
1320 3053 1528 3107 genetivo
1558 3052 1614 3093 ab
1647 3050 1807 3093 Ovidio
1841 3049 2043 3094 construi
2074 3054 2234 3092 auctor
2264 3056 2333 3093 est
2361 3049 2512 3094 Heins.
2544 3051 2600 3093 ad
2627 3051 2774 3094 Amor.

308 3131 501 3186 1,15‚36.
534 3131 588 3175 Et
609 3131 821 3175 Horatius
838 3131 1015 3188 quidem
1041 3138 1304 3175 constanter
1322 3145 1420 3175 cum
1441 3131 1531 3176 hoc
1553 3146 1686 3183 casu3
1717 3131 1899 3174 Ovidius
1929 3139 2076 3175 autem
2094 3137 2142 3174 ut
2158 3129 2318 3175 Cicero
2347 3131 2505 3185 variat,
2539 3130 2774 3176 ablativum

306 3221 454 3256 tamen
486 3213 670 3268 saepius
703 3213 825 3268 ponit
853 3211 972 3256 velut
1002 3212 1055 3258 A.
1086 3213 1141 3256 A.
1169 3212 1218 3265 2,
1251 3211 1348 3256 316.
1380 3213 1488 3256 Met.
1516 3211 1568 3265 8,
1599 3211 1692 3255 356.
1721 3211 1771 3263 9,
1803 3211 1895 3255 191.
1934 3210 2056 3255 Fast.
2084 3210 2132 3264 5,
2161 3209 2256 3256 124.
2286 3210 2333 3264 6,
2369 3210 2451 3255 138
2480 3219 2525 3256 et
2558 3211 2673 3255 alibi.

534 3316 840 3359 pervidere
870 3293 1061 3360 restituit
1086 3316 1242 3360 Heins.
1272 3317 1454 3373 saepius
1487 3333 1528 3360 v.
1561 3333 1601 3363 c.
1637 3333 1693 3361 ex
1722 3317 1864 3361 Ponto
1896 3316 1945 3369 1,
1976 3316 2024 3368 7,
2057 3315 2113 3358 43
2141 3315 2385 3360 secundum
2413 3315 2465 3359 H.
2490 3316 2537 3359 S.
2564 3316 2604 3369 1,
2637 3315 2678 3369 3,
2707 3318 2774 3362 25.

307 3397 360 3439 de
388 3411 476 3453 quo
511 3397 648 3440 verbo
681 3397 873 3440 diximus
903 3411 1042 3453 supra
1074 3398 1132 3439 ad
1164 3398 1383 3440 Orosium.
