3008 3764
1293 84 1646 141 ,13-

238 256 455 302 viribus
489 256 609 300 ruit.
680 254 886 305 Quocum
915 262 1191 307 componere
1226 248 1332 293 licet
1365 248 1703 294 Petronianum:
1745 252 1882 309 „Ipsa
1914 266 2022 297 suas
2058 252 2179 296 vires
2211 252 2302 296 odit
2323 251 2531 296 Romana
2551 252 2704 295 iuven-

237 344 309 381 tus
322 339 350 362 ‘⁶
402 336 473 380 cni
508 335 597 379 alia
649 333 846 377 adhibuit
888 328 1174 373 Wernsdorf.
1215 328 1265 372 P.
1295 328 1348 372 L.
1382 329 1445 372 M.
1477 328 1505 372 3
1539 344 1584 386 p.
1619 330 1675 374 26
1712 346 1782 389 sq.

457 415 698 472 Tempus
742 417 1052 466 erat-agere
1091 407 1145 463 8,
1179 408 1208 452 5
1237 425 1284 446 =
1316 407 1371 451 H.
1409 408 1458 453 C.
1486 409 1537 461 1,
1566 407 1623 453 37
1654 410 1743 453 init.
1779 411 1806 453 i.
1841 425 1880 454 e.
1916 412 2001 455 iam
2041 410 2217 454 dudum.

454 495 657 553 „Tamen
687 489 798 534 tanti
833 488 1190 546 regis-mentio,
1223 488 1425 546 quibus
1460 502 1638 545 saepe
1668 489 1814 533 tacitis
1856 490 2197 547 cogitationibus
2235 488 2451 533 volutavit
2495 491 2703 542 animum,

237 592 333 620 eas
370 581 578 619 evocat
610 572 653 614 in
695 570 886 612 medium
898 571 928 594 ‘⁶
964 568 1015 623 9,
1046 569 1124 620 17,
1160 568 1348 612 relativo
1386 569 1609 619 enuntiato
1647 567 1902 612 duriuscule
1938 570 2227 626 praeposito,
2263 577 2311 612 ut
2348 570 2478 612 etiam
2516 570 2616 613 alibi
2652 584 2704 608 =

236 658 285 701 C.
323 657 375 711 l,
401 655 480 699 32:
516 652 556 695 si
591 651 695 708 quid
722 650 854 692 vacui
889 650 974 693 sub
1010 650 1168 692 umbra
1198 642 1399 711 {lusimus
1429 655 1577 691 tecum
1614 649 1762 704 quod
1800 656 1844 691 et
1873 648 1992 693 hunc
2025 650 2068 706 ip
2099 644 2281 711 annum}
2321 650 2444 693 vivat
2465 658 2509 692 et
2529 650 2700 707 plures,

236 749 346 794 age,
383 734 453 776 dic
486 731 683 775 latinum.

455 810 641 853 Verus
677 816 869 852 terror
903 809 954 862 7,
984 808 1041 851 20
1075 827 1122 847 =
1161 807 1211 851 C.
1255 808 1305 862 l,
1338 808 1418 862 37,
1459 809 1510 851 15
1539 822 1713 851 veros
1750 810 2005 853 timores.

457 891 704 948 Alioqui.
756 890 883 932 Livio
916 887 1133 932 familiare
1172 896 1217 932 et
1246 889 1360 932 inter
1394 891 1635 946 pedestres
1671 890 1922 947 scriptores
1965 892 2104 948 primo
2135 898 2398 948 usurpatum
2416 891 2700 943 vocabulum,

235 986 323 1030 quo
368 972 436 1015 bis
480 971 613 1014 utitur
650 970 704 1012 H.
750 969 794 1011 in
837 967 1129 1011 Sermonibus
1166 980 1387 1025 nemoque
1433 977 1535 1012 ante
1581 983 1683 1012 eum
1725 977 1861 1027 poeta
1909 985 1951 1014 v.
1983 971 2123 1014 Hand.
2158 971 2288 1014 Turs.
2329 971 2367 1012 1.
2402 986 2446 1027 p.
2477 971 2563 1014 236
2608 986 2696 1028 sq.,

234 1053 308 1097 ubi
339 1054 381 1096 in
419 1066 474 1096 eo
508 1058 628 1095 errat
659 1050 728 1094 vir
748 1048 1178 1106 praestantissimus,
1215 1049 1333 1106 quod
1368 1056 1534 1093 temere
1569 1063 1735 1093 novam
1770 1050 1897 1093 vocis
1933 1050 2300 1108 significationem
2328 1051 2419 1094 und
2449 1050 2700 1108 uberhaupt

239 1131 605 1182 comminiscitur3
643 1130 698 1173 de
726 1141 866 1173 versu
895 1135 1042 1173 autem
1069 1141 1199 1186 quem
1236 1128 1366 1172 affert
1398 1129 1592 1174 Lucretii
1628 1128 1679 1183 3,
1708 1128 1794 1172 415
1829 1127 1887 1172 cf.
1927 1129 2273 1175 Lachmannum.

455 1211 565 1255 Per
603 1223 796 1254 omnes
835 1209 961 1254 vias
997 1208 1074 1253 leti
1108 1208 1193 1262 31,
1235 1209 1287 1254 18
1319 1228 1371 1253 =
1406 1208 1454 1254 C.
1493 1210 1542 1264 1,
1575 1207 1656 1263 28,
1687 1207 1741 1252 16
1778 1209 1898 1265 quod
1928 1216 2115 1266 uterque
2153 1224 2208 1254 ex
2244 1211 2457 1255 Lucretio
2488 1212 2697 1269 sumpsit,

234 1308 277 1338 v.
307 1289 471 1344 Orell.,
517 1296 561 1334 et
594 1288 785 1333 imitatur
818 1285 919 1332 Val.
950 1287 1017 1332 Fl.
1056 1287 1106 1343 l,
1142 1287 1209 1334 32.
1278 1287 1479 1333 Eandem
1522 1288 1788 1334 sententiam
1828 1289 1895 1333 sic
1940 1288 2150 1333 efferunt:
2204 1289 2320 1335 Nec
2365 1290 2562 1334 mortis
2608 1290 2698 1334 via

235 1370 497 1430 simplex.

453 1450 716 1494 Moribus
754 1450 1076 1507 ritibusque
1122 1449 1569 1495 efferatioribus
1615 1465 1774 1508 quam
1817 1450 1919 1494 ulli
1956 1451 2213 1505 barbari,
2257 1452 2530 1495 immanes
2578 1451 2695 1495 bel-

232 1532 360 1575 luae
396 1531 594 1574 vivunt
631 1529 710 1584 34,
747 1529 804 1573 24
833 1530 1000 1573 omissa
1024 1531 1314 1587 comparandi
1348 1530 1593 1588 particula,
1628 1538 1677 1573 ut
1711 1530 1829 1574 solet
1864 1530 1916 1573 H.
1954 1530 2036 1588 Ep.
2070 1531 2091 1573 1
2130 1538 2220 1574 aut
2251 1532 2486 1588 perdam
2516 1545 2694 1589 nepos

234 1614 281 1655 et
314 1612 341 1653 2
387 1610 644 1653 classico
680 1609 843 1652 miles
878 1610 1044 1652 truci.

453 1687 623 1731 Velut
658 1689 994 1745 auspicibus
1029 1688 1409 1733 nobilissimis
1439 1689 1672 1746 populis
1701 1690 1781 1743 42,
1814 1690 1866 1731 12
1901 1689 2056 1733 valere
2076 1698 2225 1746 potest
2260 1692 2316 1733 ad
2346 1691 2560 1733 tuendum
2597 1704 2690 1732 au-

232 1770 394 1827 spice
432 1768 657 1811 Teucro
695 1766 745 1811 C.
779 1768 830 1821 1,
859 1768 913 1821 7,
948 1768 1003 1810 27
1038 1782 1303 1825 quamquam
1335 1767 1613 1812 dissimulare
1657 1769 1764 1812 nolo
1802 1769 1922 1826 apud
1951 1769 2122 1812 Livium
2157 1770 2324 1825 pariter
2361 1771 2416 1812 de
2446 1770 2611 1827 nuptiis
2648 1767 2690 1810 h.

230 1851 260 1892 l.
291 1850 362 1907 agi
394 1858 528 1905 atque
563 1850 684 1905 apud
713 1849 886 1892 Lucan.
923 1848 975 1902 2,
1010 1848 1092 1892 371
1123 1849 1364 1906 auspice
1400 1849 1598 1903 Bruto,
1645 1864 1778 1906 quem
1817 1864 1946 1892 usum
1977 1850 2205 1893 concessit
2239 1850 2485 1894 Bentleius.
2561 1850 2690 1893 Cete-

231 1945 328 1973 rum
357 1929 416 1972 cf.
453 1929 682 1972 Horatian.
720 1944 764 1986 p.
795 1928 838 1972 8.

453 2009 683 2052 Charisius
719 2009 740 2050 1
763 2026 808 2066 p.
829 2010 909 2051 74:
948 2010 1225 2062 „imberbi
1260 2017 1408 2054 autem
1445 2011 1674 2063 dicuntur,
1710 2024 1801 2052 non
1834 2010 2140 2051 imberbes:
2177 2010 2244 2051 sic
2268 2011 2384 2051 enim
2407 2018 2451 2052 et
2467 2008 2687 2051 Varro—

231 2088 355 2131 Titus
392 2087 543 2130 Livius
579 2095 727 2131 autem
761 2087 905 2131 XVIII
938 2088 1161 2132 imberbes
1192 2087 1484 2146 vulgariter.“
1521 2097 1566 2132 et
1601 2088 1708 2132 illud
1743 2096 1869 2132 recte
1906 2088 2125 2145 Cruquius
2148 2103 2203 2132 ex
2223 2090 2533 2146 antiquissimo
2559 2089 2691 2133 Blan-

230 2169 345 2213 dinio
371 2167 428 2218 A.
450 2168 501 2211 P.
526 2167 631 2219 1613
667 2168 783 2213 male
819 2168 892 2213 hic
928 2176 973 2212 et
1000 2167 1051 2212 E.
1073 2168 1124 2223 2,
1157 2168 1206 2222 1,
1241 2168 1298 2212 85
1331 2168 1525 2214 Orellius
1555 2170 1824 2214 imberbis
1863 2176 1907 2212 et
1938 2168 2238 2213 imberbes.
2290 2168 2513 2227 Cruquius
2545 2169 2687 2212 altero

228 2250 333 2294 loco
369 2249 504 2292 tacite
536 2248 600 2291 im
611 2250 639 2292 b
652 2250 746 2292 erb
757 2249 784 2291 i.

453 2328 595 2378 Quem
622 2336 858 2385 sequutum
895 2342 1001 2381 esse
1033 2328 1263 2373 Horatium
1297 2329 1340 2372 in
1377 2330 1676 2374 describenda
1710 2328 2043 2373 Vindelicorum
2078 2335 2122 2372 et
2156 2327 2436 2373 Rhaetorum
2456 2328 2587 2373 clade
2616 2330 2688 2373 de-
2720 2310 2725 2315 .

227 2410 572 2454 monstravimus
606 2409 650 2452 in
683 2397 913 2453 Horatian.
949 2425 994 2467 p.
1030 2408 1059 2452 9
1090 2423 1160 2466 sq.
1204 2408 1421 2459 Quartum
1458 2418 1605 2454 autem
1633 2410 1794 2455 librum
1822 2409 2073 2454 Carminum
2107 2409 2249 2466 magis
2288 2422 2388 2452 eum
2427 2410 2591 2453 ceteris
2620 2424 2687 2453 re—

227 2491 438 2549 spexisse
478 2490 628 2533 causa¹
654 2497 723 2532 est
758 2491 879 2545 quod
912 2490 956 2532 in
993 2503 1046 2531 eo
1077 2497 1216 2546 pocta
1250 2490 1437 2533 maxime
1474 2490 1691 2548 aequales
1735 2490 1901 2533 Tiberii
1936 2488 2160 2545 Drusique
2208 2488 2466 2546 compellat.
2537 2491 2687 2545 Itaque

226 2570 540 2614 Lachmannus
575 2569 619 2611 in
653 2567 873 2626 Philolog.
913 2568 934 2611 1
958 2584 1003 2625 p.
1025 2568 1107 2612 166
1124 2569 1384 2626 suspicatur
1407 2570 1566 2615 laudes
1604 2569 1786 2613 eximias
1817 2568 2065 2612 Censorino
2104 2567 2289 2611 tributas
2326 2583 2354 2611 a
2376 2568 2494 2611 Vell.
2530 2569 2685 2622 2102.

227 2650 379 2693 deberi
413 2662 470 2692 ex
504 2656 633 2705 parte
669 2648 792 2701 G.4,
825 2647 867 2690 8.
940 2647 1074 2697 Quod
1105 2649 1272 2691 utinam
1309 2657 1438 2692 extra
1474 2665 1649 2693 omnem
1686 2649 2000 2693 dubitationem
2030 2648 2136 2704 poni
2171 2649 2355 2704 posset!
2400 2649 2513 2691 Nam
2532 2650 2685 2691 nescio

226 2743 314 2786 quo
349 2728 482 2771 modo
519 2728 708 2770 animum
742 2729 946 2771 mordeat
975 2741 1031 2771 ac
1065 2735 1237 2787 pungat
1266 2729 1386 2786 quod
1414 2728 1710 2786 aequissimus
1748 2729 1882 2772 totius
1914 2727 2182 2783 antiquitatis
2222 2729 2357 2771 iudex
2392 2728 2685 2772 Ruhnkenius

225 2810 283 2853 ad
311 2806 430 2851 Vell.
450 2807 494 2862 2,
522 2806 579 2850 84
607 2815 796 2866 propter
832 2821 1015 2851 carmen
1043 2807 1093 2862 2,
1127 2808 1156 2851 5
1191 2808 1336 2852 Dellio
1372 2809 1633 2867 inscriptum
1650 2809 1940 2868 pronuntiare
1972 2808 2203 2851 sustinuit:
2242 2809 2375 2863 „Non
2396 2811 2532 2852 minus
2558 2810 2685 2853 huius

222 2889 459 2934 nebulonis
496 2902 628 2945 quam
655 2888 1036 2953 Planci-insignis
1072 2888 1327 2933 adulator.“
1398 2890 1467 2934 De
1494 2889 1691 2943 Planco,
1728 2889 1958 2933 Ciceronis
1997 2888 2221 2945 quondam
2258 2890 2401 2933 amico
2448 2898 2489 2931 et
2525 2898 2686 2945 postca

225 2974 280 3017 ab
315 2969 520 3029 Augusto
556 2968 614 3012 ad
645 2983 843 3015 summos
876 2968 1076 3014 honores
1107 2977 1267 3015 evecto
1305 2969 1393 3015 alia
1421 2985 1495 3016 res
1526 2979 1612 3016 est.
1683 2970 1924 3015 Permirum
1960 2976 2107 3012 autem
2133 2968 2370 3028 profecto,
2407 2970 2444 3014 si
2474 2969 2684 3015 Horatius

226 3052 403 3099 exoleto
445 3050 515 3094 isti
560 3049 723 3093 homini
774 3059 818 3095 et
855 3051 1127 3095 lascivarum
1168 3050 1451 3096 historiarum
1494 3052 1670 3097 auctori
1703 3051 2016 3096 suavissimum
2060 3051 2401 3108 purissimisque
2447 3050 2684 3095 affectibus

222 3134 403 3193 plenum
440 3144 643 3175 carmen:
688 3129 937 3189 Aequam
968 3139 1241 3176 memento
1280 3139 1366 3177 etc.
1399 3133 1722 3192 inscripsisset.
1793 3130 1979 3175 Frustra
2015 3131 2131 3175 enim
2169 3146 2275 3177 esse
2313 3132 2383 3189 qui
2425 3132 2539 3176 duos
2578 3133 2681 3176 Del>

220 3215 306 3259 lios
336 3217 582 3258 statuerent
616 3210 702 3253 iam
739 3211 888 3262 docuit
916 3211 1091 3256 Fabric.
1123 3213 1181 3256 ad
1216 3212 1272 3258 D.
1306 3211 1435 3258 Cass.
1471 3214 1551 3267 49,
1587 3213 1656 3258 39.
1728 3213 1972 3257 Audiamus
1999 3220 2149 3256 autem
2186 3213 2443 3270 Cruquium:
2478 3214 2568 3266 „In
2604 3228 2680 3257 an-

221 3294 467 3352 tiquissimo
505 3290 662 3336 codice
700 3289 857 3334 Bland.
896 3306 953 3335 ex
996 3292 1225 3350 apicibus,
1267 3291 1408 3337 lituris
1453 3301 1497 3337 et
1536 3292 1721 3337 alterius
1766 3290 1924 3335 Bland.
1963 3292 2207 3343 collatione
2253 3293 2296 3335 in
2333 3306 2421 3349 quo
2467 3294 2682 3350 scriptum

218 3375 369 3432 repexi
404 3374 463 3418 ad
498 3370 707 3425 Bellium,
741 3368 879 3415 facile
915 3369 1191 3430 deprehendi
1224 3371 1269 3416 in
1300 3371 1450 3417 locum
1482 3373 1657 3418 litterae
1684 3373 1987 3431 Girrepsisse
2023 3372 2211 3418 litteram
2241 3371 2282 3417 D
2318 3381 2508 3431 propter
2537 3372 2680 3418 affini-

2715 2346 2878 2380 Velleiu-

2713 2404 2888 2439 Patercu—

2762 2464 2830 2497 ius.
