3008 3764
1325 162 1646 220 -ςῇ

239 332 461 389 quaedam
505 336 612 386 post
651 337 842 373 mortem
885 335 1052 385 poetae
1093 327 1214 372 edita
1256 341 1364 373 esse
1412 328 1534 385 quod
1574 328 1631 372 de
1669 327 1844 386 Epodis
1887 329 1939 373 L.
1975 329 2027 374 B.
2067 330 2123 374 de
2159 328 2409 377 Valkenar.
2450 344 2497 381 et
2530 338 2719 387 Ean-eus

237 413 517 468 Prosopogr.
556 427 603 468 p.
640 409 723 454 581
762 408 931 473 opinati
960 414 1092 461 sunt,
1142 409 1303 466 quibus
1340 409 1517 463 obstat,
1561 415 1610 452 ut
1654 407 1744 452 alia
1783 410 2003 466 omittam,
2046 409 2281 457 Palinodia
2318 412 2377 457 ad
2415 412 2719 474 Tyndariden.

238 491 569 549 Peerlkampus
609 499 758 535 autem
793 498 842 533 ut
884 489 1105 546 probaret
1139 488 1311 533 Horatii
1358 502 1476 545 quae
1512 501 1633 531 nunc
1669 487 1890 534 habemus
1930 491 2113 538 laceras
2151 500 2306 552 partes
2342 508 2449 539 esse
2486 509 2629 541 saevo
2661 514 2719 544 ex

234 571 472 629 naufragio
509 579 720 616 servatas
759 577 802 613 et
836 567 976 611 inutili
1011 568 1218 627 pondere
1255 575 1495 621 oneratas,
1543 580 1699 611 eorum
1743 569 1947 612 accessit
1980 573 2258 628 sententiae,
2300 574 2373 631 qui
2404 574 2538 632 plura
2571 574 2717 620 Hora-

234 655 338 698 tium
369 653 566 698 edidisse
592 665 723 710 quam
760 663 874 708 quae
904 656 1206 708 superessent
1241 650 1496 708 opinantur.
1571 648 1673 698 Quo
1708 647 1753 690 in
1786 662 1975 693 numero
2011 650 2237 697 Frankius
2264 653 2389 698 Fast.
2422 655 2475 698 H.
2504 671 2550 713 p.
2588 655 2645 699 24
2671 671 2716 698 n.

232 733 261 778 3
281 719 327 777 et
347 749 393 790 p.
413 732 469 778 91
498 745 661 777 nomen
680 730 917 789 profitetur
952 744 1107 785 suum,
1145 731 1219 788 qui
1256 744 1358 774 cum
1376 730 1605 773 Passovio
1623 735 1668 771 et
1687 727 1969 772 Grotefendo
2007 732 2119 775 satis
2155 735 2306 777 mirari
2332 737 2486 794 nequit
2513 750 2620 779 esse
2642 737 2715 794 qui

233 828 291 857 ea
326 813 383 857 de
428 828 480 857 re
518 812 729 856 dubitent.
800 810 1013 855 Ceterum
1052 824 1321 868 quamquam
1371 809 1596 867 quomodo
1631 808 1734 851 inde
1775 807 1895 851 effici
1933 810 2136 866 possint,
2181 821 2229 857 ut
2263 821 2432 860 textum
2476 814 2718 860 carminum

230 893 550 951 interpolatum
569 906 674 934 esse
704 891 969 943 credamus,
999 905 1091 933 non
1123 891 1280 943 video,
1317 890 1448 933 huius
1469 902 1651 945 quoque
1677 888 1952 945 suspicionis
1973 899 2236 947 argumenta
2261 909 2454 950 prorsus
2489 897 2713 942 desidero.

232 975 428 1019 Tantum
457 975 572 1017 enim
608 975 738 1015 abest
772 980 821 1013 ut
858 985 916 1012 ex
952 971 1002 1013 S.
1028 972 1081 1022 l,
1115 973 1168 1024 4,
1200 972 1279 1013 38:
1326 972 1418 1013 ubi
1464 970 1596 1026 quid
1637 969 1804 1010 datur
1843 970 1922 1011 oti
1959 969 2145 1013 llludo
2182 957 2408 1019 chartis
2444 985 2489 1019 et
2524 977 2571 1020 S.
2597 977 2638 1030 1,
2671 977 2714 1030 6,

232 1055 315 1101 122
350 1055 503 1100 lecto
540 1061 637 1098 aut
680 1052 906 1110 scripto
946 1051 1092 1109 quod
1126 1065 1204 1094 me
1247 1052 1481 1095 tacitum
1512 1051 1668 1092 iuvet
1703 1056 1945 1105 sequatur,
1975 1051 2096 1107 quod
2116 1051 2339 1095 Frankius
2359 1058 2716 1111 persuassimum

231 1136 373 1183 habet
410 1133 661 1194 „permulta
697 1132 917 1176 Venusini
951 1124 1068 1175 vatis
1104 1139 1320 1189 poemata
1354 1132 1531 1173 Romae
1566 1130 1816 1172 innotuisse
1855 1143 1972 1186 quae
2003 1132 2049 1172 in
2084 1132 2294 1192 syllogen
2328 1148 2419 1177 non
2453 1139 2714 1193 reciperen-

231 1219 342 1262 tut-‘⁶
381 1223 429 1260 ut
467 1213 735 1259 contrarium
779 1210 900 1255 effici
943 1223 1086 1268 posse
1126 1211 1335 1254 videatur
1371 1223 1490 1254 voce
1536 1210 1781 1252 tacitum.
1854 1210 1986 1259 Quae
2032 1219 2181 1254 autem
2232 1221 2476 1270 praeterea
2515 1217 2571 1257 ab
2614 1218 2712 1261 aliis

231 1296 501 1348 afferuntur,
550 1308 604 1337 ea
643 1292 819 1336 leviora
855 1298 982 1345 sunt,
1025 1289 1165 1335 veluti
1211 1292 1332 1349 quod
1367 1291 1422 1335 N.
1462 1290 1674 1334 Heinsius
1722 1291 1779 1334 ad
1817 1290 1896 1334 Sil.
1933 1291 2029 1335 Ital.
2070 1290 2192 1340 VIII,
2224 1294 2310 1338 378
2351 1295 2554 1350 miratur,
2593 1299 2714 1354 quod

230 1386 372 1435 poeta
401 1374 566 1418 nullam
597 1372 737 1417 Setini
773 1371 862 1416 vini
896 1372 1166 1415 mentionem
1201 1370 1340 1416 faciat
1372 1385 1460 1428 quo
1497 1370 1752 1428 Angustum
1788 1371 1978 1415 maxime
2012 1370 2282 1416 delectatum
2326 1372 2469 1419 fuisse
2505 1389 2709 1433 comper·

229 1466 322 1501 tum
355 1457 588 1499 habemus.
642 1453 703 1496 At
732 1467 844 1496 vero
866 1451 1080 1495 Horatius
1116 1467 1205 1496 nec
1241 1452 1434 1497 conviva
1470 1449 1656 1508 „regiae
1691 1453 1906 1494 coenae“
1943 1464 2031 1496 nec
2065 1450 2272 1497 laudator
2303 1454 2460 1499 domus
2477 1455 2712 1514 Augustae

232 1551 340 1581 esse
376 1535 540 1584 voluit,
575 1535 743 1590 quippe
782 1535 855 1589 qui
894 1534 1065 1576 Liviam
1096 1535 1424 1590 Octaviamque
1454 1530 1598 1574 semel
1634 1533 2079 1586 commemoraverit,
2125 1533 2164 1576 si
2198 1534 2545 1593 Peerlkampum
2588 1539 2710 1581 audi-

230 1617 355 1661 veris
385 1628 628 1672 nusquam,
664 1627 753 1657 nec
787 1615 974 1670 saepius
1005 1613 1299 1667 Marcellum,
1347 1615 1402 1656 de
1432 1627 1521 1670 quo
1559 1611 1707 1655 adhuc
1742 1613 1827 1656 sub
1865 1613 2012 1656 iudice
2049 1613 2104 1657 lis
2150 1622 2232 1659 est.
2304 1615 2374 1658 De
2417 1616 2526 1659 Iulia
2564 1625 2712 1661 autem

230 1711 423 1756 prorsus
458 1694 621 1746 tacuit,
654 1708 788 1750 quam
823 1693 1087 1751 Propertius
1124 1692 1200 1747 IV,
1223 1694 1272 1735 11
1304 1700 1412 1751 post
1443 1706 1607 1735 annum
1647 1692 1732 1735 738
1762 1693 1788 1734 i.
1816 1706 1856 1735 e.
1876 1707 2011 1749 quum
2033 1701 2128 1738 tres
2164 1707 2309 1737 annos
2346 1702 2450 1738 ante
2478 1698 2712 1752 nupsisset

231 1777 466 1835 Agrippae
505 1782 548 1817 et
592 1787 802 1816 rumores
849 1775 894 1815 in
938 1773 1102 1830 vulgus
1139 1788 1352 1817 manasse
1391 1787 1589 1815 necesse
1635 1780 1781 1824 esset,
1819 1788 1933 1828 quos
1980 1781 2190 1829 quattuor
2233 1774 2330 1818 sere
2377 1775 2565 1819 saecula
2603 1787 2710 1833 post

229 1856 471 1902 memoriae
506 1854 737 1898 mandavit
771 1853 1035 1897 Macrobius
1074 1853 1167 1896 Sat.
1191 1855 1244 1907 2,
1274 1855 1326 1907 5,
1361 1854 1429 1896 his
1462 1853 1669 1894 laudibus
1704 1852 1866 1893 efferre
1903 1854 2134 1895 sustinuit:

792 1932 869 1975 llle
907 1947 992 1976 sua
1027 1940 1134 1975 nata
1173 1934 1351 1991 dignam
1385 1933 1555 1975 vixisse
1592 1945 1797 1974 sororem

931 2014 1143 2069 Increpat
1178 2021 1222 2055 et
1257 2013 1467 2056 lacrimas
1503 2012 1691 2055 vidimus
1725 2013 1791 2054 ire
1834 2014 1934 2054 deo.

451 2095 505 2136 Et
552 2102 700 2135 tamen
738 2090 845 2134 nihil
882 2091 975 2135 ficti
1005 2103 1050 2135 et
1086 2093 1276 2136 simulati
1316 2099 1412 2136 erat
1448 2092 1493 2134 in
1531 2090 1703 2134 Horatii
1744 2105 1844 2134 cum
1886 2091 2094 2152 Augusto
2136 2083 2459 2147 familiaritate,
2503 2095 2547 2137 id
2588 2097 2709 2151 quod

183 2216 188 2239 Α,
227 2177 500 2235 argumentis
530 2173 703 2216 idoneis
734 2172 1017 2217 confirmavit
1053 2172 1362 2218 Grotesendus
1393 2170 1552 2217 Philol.
1584 2171 1603 2215 l
1630 2188 1676 2229 p.
1699 2171 1781 2216 143
1801 2186 1870 2229 sq.
1936 2171 2116 2217 Rursus
2162 2171 2234 2216 alii
2266 2171 2453 2232 Vergilii
2489 2181 2566 2219 aut
2585 2173 2707 2220 Varii

182 2254 184 2262 ’
224 2266 414 2300 mortem
442 2271 534 2297 non
567 2255 771 2310 potuisse
813 2268 905 2296 non
938 2253 1096 2297 defleri
1122 2263 1200 2298 aut
1239 2255 1440 2298 eiusdem
1466 2253 1715 2297 Aeneidem
1744 2252 1967 2297 celebrari
2004 2253 2087 2297 sibi
2116 2263 2457 2310 persuaserunt.
2529 2255 2631 2305 Qua
2664 2257 2707 2300 in

223 2352 276 2379 re
313 2338 512 2379 eiusdem
549 2333 772 2389 Propertii
801 2334 1070 2376 auctoritate
1106 2336 1349 2378 abutuntur
1379 2333 1609 2376 canentis:

790 2414 960 2457 Nescio
1000 2416 1103 2471 quid
1132 2416 1276 2459 maius
1311 2415 1515 2458 nascitur
1551 2413 1702 2457 Iliade.

225 2497 299 2552 qui
335 2509 499 2537 versus
537 2497 654 2537 adeo
691 2494 861 2551 placuit
895 2494 1085 2552 Vergilii
1111 2496 1449 2547 laudatoribus,
1477 2502 1526 2537 ut
1561 2495 1618 2536 ab
1649 2493 1701 2536 iis
1736 2494 1780 2535 in
1817 2493 1962 2536 Ovidii
1994 2508 2066 2550 ep.
2104 2508 2161 2536 ex
2180 2495 2324 2538 Ponto
2354 2494 2397 2547 3,
2417 2494 2460 2547 4,
2492 2493 2548 2538 83
2583 2495 2706 2539 inve-

225 2584 345 2620 ctum
376 2576 434 2618 sit
470 2576 588 2631 quod
624 2575 757 2618 etiam
792 2589 913 2617 nunc
947 2574 1131 2633 legitur:

790 2656 887 2698 Res
926 2671 1106 2713 quoque
1143 2666 1270 2700 tanta
1306 2656 1386 2699 fuit
1416 2664 1611 2712 quantae
1648 2646 1899 2699 subsistere
1929 2669 2099 2698 summo

931 2737 1225 2780 Aeneidos
1271 2738 1387 2779 vati
1427 2738 1599 2793 grande
1634 2735 1795 2779 fuisset
1831 2750 1960 2778 onus.

450 2800 687 2872 Sapienter
717 2822 865 2858 autem
903 2816 958 2857 N.
984 2816 1221 2878 Heinsius:
1261 2818 1431 2870 „Puto,
1461 2817 1624 2873 inquit,
1654 2816 1876 2858 Iliados
1913 2815 2051 2857 vati.“
2122 2815 2182 2857 At
2212 2828 2270 2856 ne
2309 2815 2495 2858 bonae
2532 2817 2707 2872 quidem

224 2895 445 2948 Cinarae,
483 2897 585 2938 dum
620 2896 664 2938 in
698 2896 813 2939 vivis
848 2903 971 2948 erat,
1007 2896 1169 2940 laudes
1199 2898 1336 2940 inseri
1372 2898 1593 2954 poematis
1626 2899 1721 2940 suis
1760 2896 1923 2948 voluit,
1969 2884 2100 2952 quam
2137 2896 2242 2951 quin
2269 2876 2488 2938 cecinerit
2518 2898 2707 2940 dubitari

222 2991 313 3018 non
343 2982 514 3033 potest.
576 2976 691 3019 Nam
724 2975 855 3033 plura
885 2990 987 3019 eum
1022 2977 1267 3034 scripsisse
1305 2991 1438 3034 quam
1475 2992 1589 3034 quae
1619 2984 1889 3034 supersunt,
1926 2990 2114 3032 quorum
2150 2974 2369 3032 pleraque
2397 2983 2473 3019 aut
2490 2976 2707 3020 nonnulla

224 3057 377 3101 amicis
408 3057 445 3100 si
478 3057 621 3100 minus
658 3057 865 3101 recitavit
900 3065 1025 3101 certe
1063 3072 1163 3101 cum
1197 3059 1251 3101 iis
1291 3059 1656 3111 communicavit,
1691 3072 1824 3101 nemo
1862 3056 2074 3101 dissimile
2105 3069 2216 3099 vero
2246 3056 2524 3101 existimabit.
2573 3057 2706 3107 Quod

222 3145 371 3179 tamen
404 3137 472 3181 sic
511 3136 659 3193 accipi
703 3135 864 3190 nolim,
911 3146 1138 3194 tamquam
1174 3152 1230 3180 ex
1267 3139 1539 3183 multitudine
1573 3139 1818 3183 carminum
1855 3137 2192 3182 absolutissima
2227 3138 2344 3181 omni
2360 3151 2547 3181 numero
2568 3150 2703 3193 quae-

223 3231 312 3274 que
351 3217 517 3275 eligere
554 3216 774 3260 voluerit:
822 3218 935 3260 scite
977 3219 1092 3261 enim
1128 3218 1449 3264 Lachmannus
1488 3235 1560 3276 ep.
1599 3220 1656 3262 ad
1690 3217 1932 3284 Franldum
1968 3233 2013 3274 p.
2046 3215 2154 3261 238:
2193 3217 2330 3271 „talia
2361 3218 2474 3262 enim
2510 3217 2706 3261 nondum

220 3296 456 3355 perfectae
491 3299 601 3340 artis
644 3299 915 3340 documenta
961 3300 1183 3353 quaedam
1225 3299 1456 3344 Horatium
1491 3300 1645 3343 delere
1682 3299 1886 3343 noluisse
1929 3297 2017 3341 alio
2061 3298 2334 3343 memorabili
2375 3296 2582 3354 exemplo
2626 3298 2704 3341 do-

221 3391 330 3419 cere
368 3381 601 3433 possum“.
657 3378 849 3420 Omnino
887 3387 1035 3421 autem
1073 3380 1466 3425 considerantibus
1504 3381 1635 3424 nobis
1656 3379 1888 3424 Horatium
1918 3393 2136 3436 nusquam
2153 3392 2318 3423 versus
2356 3376 2442 3421 cito
2477 3375 2706 3432 effudisse,

221 3458 305 3500 sed
347 3471 511 3513 magna
557 3472 657 3500 cum
704 3472 814 3502 cura
860 3457 1051 3515 limaque
1097 3462 1412 3518 composuisse
1459 3463 1625 3515 videri,
1664 3462 1798 3505 otium
1845 3468 1992 3504 autem
2046 3461 2141 3503 eius
2186 3474 2273 3503 usu
2321 3465 2364 3500 et
2411 3455 2704 3502 familiaritate
