3008 3764
1336 154 1663 212 -4-

257 322 305 360 et
334 312 663 374 quodammodo
693 312 939 371 suppleret.
996 312 1095 357 Nec
1126 319 1289 370 postea
1324 313 1382 356 ab
1409 314 1501 356 hac
1531 312 1776 358 imitatione
1804 312 2138 366 abstinuerunt,
2167 318 2215 356 ut
2243 321 2439 369 apparet
2459 317 2736 392 Q-

256 407 474 462 ronymo
475 393 535 436 ad
564 392 857 438 Eustochium
901 394 956 436 de
987 393 1193 436 custodia
1230 392 1498 450 virginitatis
1536 406 1611 449 ep.
1644 392 1772 435 xxn
1800 408 1844 450 p.
1872 393 1931 436 94
1959 392 2017 436 B:
2058 405 2187 450 „nec
2229 392 2306 435 tibi
2345 392 2518 436 diserta
2558 397 2737 441 multum

225 475 368 519 —velis
400 475 546 518 videri
576 462 655 517 aut
672 465 817 531 lyrici
830 473 994 516 festivo
1024 472 1235 516 carminis
1266 480 1410 516 metro
1440 471 1611 516 ludere.
1639 496 1696 504 —
1726 473 1845 522 Quid
1875 473 1988 516 facit
2016 487 2117 517 cum
2134 473 2349 531 psalterio
2363 472 2606 517 Horatius?
2636 491 2735 520 cum

255 553 503 612 evangeliis
532 553 693 598 Maro?
723 567 824 597 cum
852 551 1074 610 apostolis
1104 550 1338 595 Cicero‘3“
1395 551 1565 595 Mansit
1591 559 1741 595 autem
1770 552 1968 596 Flaccus
1997 555 2191 598 omnium
2220 567 2447 599 consensu
2473 555 2519 596 in
2549 567 2736 600 numero

252 634 524 692 lyricorum,
555 641 603 679 ut
627 633 878 677 Lachmani
904 633 1057 677 verbis
1085 638 1188 675 utar
1229 632 1288 675 ad
1316 631 1496 676 Lucret.
1526 647 1573 689 p.
1605 631 1691 676 358
1714 632 1954 686 „decimus
1985 641 2031 677 et
2056 634 2173 678 idem
2204 649 2320 679 unus
2348 633 2573 679 Italorum.
2578 639 2607 661 ‘⁵
2645 636 2736 678 lam

254 715 612 781 cqmjgontone
642 714 992 774 antiquariorum
1017 712 1166 759 studia
1193 710 1362 758 florere
1394 710 1675 771 obsoletique
1713 712 1937 758 sermonis
1975 711 2202 759 affectatio
2238 714 2515 760 reviviscere
2547 714 2736 772 ipseque

251 796 480 854 Appuleio
510 797 689 854 praeire
713 797 758 840 in
788 794 1175 839 allitterationibus
1206 792 1326 838 velut
1359 810 1402 852 p.
1432 792 1518 837 307
1547 793 1616 837 ed.
1644 792 1726 838 Μ..
1761 793 1906 847 „Quis
1936 800 2112 852 tempus
2140 802 2359 853 prorogat
2390 797 2535 853 pomis
2561 796 2735 839 mitibus

252 883 331 921 aut
360 876 548 921 floribus
578 876 882 921 marcentibus
913 881 991 919 aut
1018 873 1198 919 facibus
1228 873 1521 919 ardentibus?
1560 881 1605 919 et
1633 889 1677 932 p.
1707 873 1814 919 339:
1856 874 2016 929 „haud
2042 875 2227 934 ignarus
2257 874 2503 921 fortissima
2531 875 2735 920 facinora

251 958 495 1002 viventium
531 958 786 1014 gravatius,
823 963 1102 1001 mortuorum
1145 955 1318 1010 gratius
1365 954 1578 1012 accipi‘3“
1632 954 1878 1013 Vergilium
1914 955 2068 1001 laudat
2102 956 2278 1015 quidem
2313 971 2358 1013 p.
2387 956 2733 1015 453tamquam

251 1046 434 1095 poetam
466 1039 707 1082 verborum
732 1036 1144 1093 diligentissimum,
1175 1036 1259 1079 sed
1287 1050 1374 1079 nec
1404 1034 1524 1078 hunc
1549 1048 1638 1078 nec
1667 1033 1900 1078 Horatium
1928 1036 2046 1080 inter
2073 1044 2234 1092 poetas
2250 1045 2592 1088 commemorat,
2622 1051 2734 1094 quos

253 1118 444 1163 Caesari
475 1119 757 1162 commendat
781 1132 851 1174 ep.
880 1117 937 1160 ad
968 1116 1025 1161 M.
1060 1116 1248 1161 Caesar.
1280 1116 1325 1170 1,
1353 1115 1382 1159 5
1423 1123 1467 1160 et
1506 1114 1774 1173 explicatius
1811 1115 1867 1160 de
1902 1114 2030 1160 feriis
2058 1115 2299 1163 Alsiniens.
2323 1130 2391 1174 ep.
2418 1115 2472 1159 3:
2516 1131 2657 1169 „mox
2687 1124 2734 1161 ut

252 1209 297 1244 te
326 1202 519 1245 studium
549 1200 726 1257 legendi
755 1200 1025 1243 incessisset
1054 1206 1130 1242 aut
1170 1206 1215 1241 te
1247 1199 1408 1242 Plauto
1438 1198 1668 1255 expolires
1697 1205 1774 1241 aut
1804 1198 1946 1241 Accio
1976 1196 2189 1254 expleres
2219 1206 2296 1242 aut
2323 1197 2532 1241 Lucretio
2573 1196 2735 1241 deleni-

251 1294 331 1324 res
359 1288 436 1324 aut
463 1281 605 1322 Ennio
634 1279 955 1321 incenderes-‘⁶
1016 1278 1143 1327 Quos
1179 1277 1278 1320 fere
1319 1279 1485 1321 excitat
1525 1280 1571 1321 in
1602 1277 1834 1336 Exemplis
1862 1277 2162 1336 eloquentiae.
2222 1277 2544 1337 Frigidiuscule
2575 1285 2734 1320 contra

252 1362 297 1405 in
340 1375 414 1419 ep.
447 1361 504 1404 ad
533 1360 763 1404 Aurelium
797 1358 1052 1417 1mp.1.1.
1105 1356 1281 1415 „plane
1311 1357 1492 1401 multum
1520 1358 1626 1403 mihi
1660 1359 1927 1403 facetiarum
1968 1359 2154 1403 contulit
2181 1360 2282 1403 istic
2314 1360 2496 1403 Oratius
2525 1358 2732 1411 Flaccus,

252 1441 555 1486 memorabilis
585 1448 725 1497 poeta
761 1440 955 1498 mihique
993 1446 1183 1496 propter
1220 1423 1533 1484 Maecenatem
1572 1448 1617 1485 et
1645 1442 2017 1485 Maecenatianos
2046 1442 2204 1484 hortos
2235 1454 2362 1484 meos
2392 1455 2479 1483 non
2510 1440 2695 1485 alienus.
2701 1445 2731 1467 ‘⁶

253 1523 399 1574 Quem
424 1521 580 1564 omittit
610 1534 680 1578 ep
710 1520 769 1563 ad
798 1520 966 1564 Verum
1001 1520 1044 1562 1:
1085 1520 1161 1573 „in
1192 1520 1340 1577 poetis
1370 1525 1517 1564 autem
1549 1520 1649 1578 quis
1677 1521 1856 1578 ignorat
1886 1527 1934 1563 ut
1963 1519 2143 1579 gracilis
2175 1521 2232 1563 sit
2263 1519 2485 1573 Lucilius,
2516 1520 2732 1563 Albucius

252 1603 427 1656 aridus,
457 1600 653 1646 sublimis
682 1600 943 1654 Lucretius,
977 1600 1216 1643 mediocris
1246 1600 1498 1654 Pacuvius,
1528 1600 1777 1659 inaequalis
1806 1601 1995 1655 Accius,
2026 1601 2196 1645 Ennius
2224 1600 2540 1645 multiformis“
2571 1615 2731 1658 sequu-

252 1689 326 1726 tus
357 1695 465 1734 eos‚
496 1682 592 1739 qui,
621 1690 669 1725 ut
698 1689 799 1725 utar
830 1680 972 1724 Taciti
1000 1681 1153 1724 verbis
1183 1679 1284 1724 dial.
1314 1695 1355 1724 c.
1388 1679 1464 1732 23,
1494 1679 1715 1723 Lucilium
1745 1694 1829 1737 pro
1857 1680 2044 1725 Horatio
2075 1691 2118 1724 et
2146 1680 2401 1723 Lucretium
2429 1695 2512 1737 pro
2530 1679 2729 1737 Vergilio

250 1759 417 1818 legunt.
476 1761 608 1812 Quod
644 1767 792 1805 autem
822 1760 1041 1804 Lucilium
1072 1761 1286 1819 gracilem
1319 1759 1540 1819 appellet,
1579 1762 1830 1819 sumpsisse
1858 1762 2002 1806 videri
2032 1769 2183 1819 potest
2221 1775 2249 1805 a
2286 1761 2520 1804 laudatore
2553 1760 2729 1804 Pisonis

250 1842 325 1900 qui
355 1857 392 1885 v.
411 1840 513 1884 230:
542 1841 912 1898 „Ausoniamque
943 1840 1109 1899 chelyn
1140 1840 1373 1900 gracilis
1401 1840 1620 1899 patefecit
1646 1840 1885 1886 Horati“
1914 1841 2287 1887 ubiWernsdors.
2318 1840 2527 1895 (Votlv.
2551 1855 2593 1897 p.
2606 1839 2728 1893 278):

249 1921 518 1977 „gracilis
557 1936 666 1964 vero
703 1922 862 1964 dicitur
905 1936 933 1964 a
972 1923 1092 1964 tenui
1122 1923 1312 1965 materia
1342 1928 1387 1964 et
1417 1923 1634 1965 brevitate
1667 1914 1912 1966 8arminum
1941 1931 1989 1966 ut
2017 1923 2158 1978 Verg.
2196 1923 2239 1966 in
2271 1921 2446 1965 calice:
2505 1921 2727 1974 „lusimus

248 2004 408 2045 Octavi
438 2003 595 2059 gracili
623 2002 886 2045 moderante
917 2001 1123 2045 Thalia.“
1178 2002 1451 2045 Frontonem
1478 2010 1625 2046 autem
1646 2013 1693 2047 ut
1732 2005 1912 2048 credam
1943 2004 2062 2047 hunc
2092 2003 2241 2047 locum
2271 2010 2375 2047 ante
2403 2001 2560 2046 oculos
2590 2001 2727 2045 habu-

247 2084 342 2126 isse
374 2097 428 2125 eo
459 2084 683 2134 adducor,
729 2082 849 2138 quod
898 2082 1029 2123 etiam
1067 2081 1109 2123 in
1147 2083 1384 2138 superiore
1423 2097 1553 2139 quem
1587 2085 1880 2140 apposuimus
1915 2083 2020 2128 loco
2049 2084 2170 2127 hunc
2206 2093 2381 2140 poetam
2411 2083 2604 2126 imitatus
2636 2089 2725 2125 est:

247 2162 654 2217 „memorabilis
682 2162 785 2205 olim
813 2169 860 2205 tu
890 2162 991 2205 mihi
1021 2162 1272 2206 Maecenas
1301 2164 1431 2207 tereti
1459 2164 1702 2208 cantabere
1734 2169 1919 2208 versu.“

471 2326 670 2382 Emergit
716 2326 895 2369 tandem
925 2325 1095 2369 Horatii
1126 2326 1342 2369 memoria
1381 2338 1463 2383 per
1499 2327 1663 2369 bonum
1695 2333 1739 2369 et
1767 2325 1994 2370 salubrem
2023 2327 2271 2384 principem
2301 2325 2607 2369 Alexandrum
2644 2323 2723 2378 Se-

245 2420 401 2451 verum
432 2407 504 2464 qui
534 2413 651 2451 teste
681 2405 937 2463 Lampridio
969 2419 1006 2451 c.
1036 2405 1093 2449 30
1134 2420 1263 2459 „non
1294 2405 1380 2449 alia
1412 2408 1554 2464 magis
1580 2406 1762 2464 legebat
1791 2420 1925 2465 quam
1955 2407 2011 2451 de
2041 2405 2204 2450 officiis
2235 2406 2469 2451 Ciceronis
2498 2411 2542 2448 et
2571 2404 2626 2447 de
2657 2418 2723 2446 re·

243 2486 436 2543 publica.
494 2487 832 2543 Nonnumquam
874 2493 917 2529 et
960 2493 1170 2530 oratores
1210 2493 1254 2530 et
1302 2495 1488 2543 poetas,
1531 2487 1573 2531 in
1612 2488 1739 2545 queis
1774 2487 1997 2532 Serenum
2027 2488 2358 2533 Sammonicum
2391 2499 2519 2544 quem
2552 2492 2596 2527 et
2624 2485 2724 2541 ipse

241 2575 436 2611 noverat
467 2576 511 2609 et
542 2565 782 2618 dilexerat,
826 2573 869 2609 et
899 2563 1179 2609 Horatium.“
1243 2565 1639 2629 Hunequqaltero
1676 2566 1818 2612 seculi
1855 2568 1972 2612 tertii
2003 2568 2179 2621 dimidio
2219 2566 2452 2629 diligenter
2481 2565 2723 2609 lectitatum

242 2662 372 2701 esse,
402 2647 563 2702 insigni
590 2645 819 2702 Calpurnii
841 2644 1095 2701 ,imitatione
1127 2634 1382 2700 evincituf,⁷
1400 2647 1455 2691 de
1484 2661 1572 2705 qua
1604 2661 1708 2691 mox
1728 2661 1925 2705 agemus.
1965 2647 2096 2699 Quod
2124 2646 2300 2692 duravit
2330 2645 2566 2702 denuoque
2598 2642 2724 2688 efflo—

239 2730 327 2772 ruit
358 2736 622 2771 sanctorum
649 2729 866 2778 virorum,
912 2726 1170 2785 Ambrosii,
1210 2727 1449 2784 Augustini
1487 2727 1768 2784 maximeque
1808 2726 2068 2785 Hieronymi
2113 2741 2276 2784 opera,
2322 2725 2483 2783 quibus
2530 2724 2723 2768 accessit

241 2808 598 2850 Christianorum
630 2815 866 2862 poetarum
905 2804 1168 2860 spectabilis
1206 2821 1331 2862 grex.
1393 2807 1571 2862 Quippe
1607 2806 1913 2864 intelligebant
1953 2806 2288 2863 prudentissimi
2325 2805 2526 2849 homines
2558 2804 2721 2848 nullum

240 2887 520 2932 ethnicorum
550 2873 818 2944 scriptorem
849 2876 1038 2929 inveniri
1056 2879 1209 2942 ‘posse
1239 2886 1312 2944 qui
1343 2887 1496 2943 purior
1525 2895 1570 2930 et
1597 2888 1808 2932 intactior
1836 2895 1962 2932 esset
1987 2888 2043 2930 ab
2072 2889 2190 2930 omni
2220 2886 2388 2929 veteris
2423 2886 2721 2930 caerimoniae

239 2970 510 3027 contagione
540 2969 745 3026 idemque
775 2968 924 3025 aptior
954 2968 1013 3010 ad
1042 2968 1348 3023 probandum,
1384 2967 1739 3012 Christianorum
1786 2970 1842 3012 de
1880 2969 2077 3012 moribus
2124 2968 2373 3011 doctrinam
2412 2982 2500 3011 non
2531 2967 2722 3010 alienam

239 3129 495 3188 Chrysippo
527 3138 571 3174 et
598 3128 819 3173 Crantore
853 3130 957 3188 quid
986 3130 1154 3174 decens
1184 3142 1240 3172 ac
1275 3136 1449 3173 rectum
1485 3138 1610 3175 esset
1645 3130 1820 3183 docuit,
1859 3130 1917 3174 ad
1946 3130 2088 3175 solius
2119 3129 2403 3174 humanitatis
2432 3130 2560 3188 leges
2589 3142 2718 3172 revo-

236 3212 355 3254 cavit
398 3212 519 3256 nulla
559 3211 758 3268 gentium
801 3211 984 3267 originis
1021 3210 1097 3255 vel
1137 3210 1385 3267 patriarum
1419 3210 1569 3267 legum
1611 3219 1655 3254 et
1693 3211 2062 3255 consuetudinum
2097 3211 2271 3255 ratione
2311 3211 2474 3254 habita.
2550 3209 2718 3252 Horum

233 3292 504 3348 scriptorum
535 3290 721 3334 imitatio
751 3303 779 3332 a
808 3290 1011 3334 Bentleio
1047 3291 1285 3350 diligenter
1325 3297 1539 3333 annotata
1571 3291 1873 3347 Peerlkampo
1916 3303 2095 3348 quoque
2127 3289 2298 3348 largam
2328 3290 2558 3333 materiem
2588 3302 2717 3345 prae·

233 3375 364 3430 cipue
397 3386 453 3415 ex
482 3372 722 3415 Ambrosio
769 3371 965 3414 addendi
1010 3372 1153 3424 dedit,
1200 3385 1347 3428 pauca
1376 3372 1507 3415 nobis
1549 3371 1750 3430 reliquit,
1780 3385 2048 3429 quamquam
2078 3373 2181 3430 quin
2210 3369 2340 3428 plura
2369 3370 2598 3426 supersint
2627 3386 2716 3415 non

233 3455 501 3498 dubitamus.
560 3453 710 3497 Medio
739 3462 891 3497 autem
922 3453 1041 3510 quod
1071 3454 1194 3496 aiunt
1221 3466 1338 3496 aevo
1358 3452 1547 3510 Vergilii
1575 3468 1739 3497 nomen
1771 3453 2054 3511 studiumque
2082 3452 2217 3497 multo
2235 3451 2379 3508 magis
2399 3465 2530 3508 quam
2546 3451 2718 3498 Horatii
