3008 3764
93 1028 263 1063 Valerius

95 1097 294 1134 Maxima..

95 1723 273 1758 Senecae.

82 3303 288 3351 Quintina-

133 3386 213 3409 1111..

1379 80 1737 139 ..14-

316 255 454 295 tatem
488 247 551 292 ita
571 252 633 291 ut
665 259 752 305 pro
781 260 827 292 v.
849 244 1026 292 Gellius
1050 242 1274 292 hactenus
1309 244 1488 304 legatur
1510 243 1733 292 Dellius.“
1769 246 1835 292 lta
1867 261 2024 293 veram
2054 244 2296 292 lectionem
2329 249 2418 293 cui
2448 248 2493 303 3,
2511 249 2585 304 27,
2602 253 2631 294 7
2665 251 2802 297 habet

317 326 651 386 antiquissimus
686 325 848 370 Bland.
887 340 1031 381 „cum
1061 324 1195 369 litura
1224 335 1270 369 et
1297 339 1442 384 supra
1470 331 1697 369 notatumx
1734 326 1847 372 alias
1885 328 2066 386 qnid-‘⁶
2117 328 2331 387 Idemque
2366 329 2553 388 saepius
2585 339 2802 389 expertus
2831 317 2835 321 ⁴

317 424 415 457 sum
451 407 571 453 alibi.
644 406 723 454 Sic
756 408 801 452 in
834 408 996 453 eodem
1029 420 1151 466 pene
1186 407 1366 452 nomine
1403 418 1559 451 omnes
1594 404 1821 452 Athenaei
1857 407 1959 454 libri
1993 425 2040 467 p.
2069 409 2099 455 4
2117 425 2147 455 a
2180 408 2348 455 habent
2374 407 2567 464 Τελλίας,
2597 413 2803 467 reposuit

314 487 491 541 Γελλίας
525 501 587 532 ex
621 487 824 533 Diodoro
862 486 1165 533 casaubonus
1201 487 1308 533 vitio
1344 485 1459 532 satis
1496 485 1678 543 antiquo
1716 485 1792 544 qui
1825 487 1914 532 iam
1943 487 2223 535 Eustathium
2258 490 2440 549 decepit
2474 507 2521 548 p.
2560 489 2697 543 1471,
2729 481 2800 534 57.

314 566 455 618 Quod
487 575 639 614 autem
658 567 880 612 Torrentii
916 567 1050 612 codd.
1084 566 1256 612 habere
1297 567 1505 611 dicuntur
1548 565 1605 616 Q.
1635 565 1905 621 Dellium,
1944 583 2225 626 praenomen
2268 587 2359 616 non
2393 585 2544 616 moror
2573 584 2632 613 ex
2654 568 2801 614 Dione

314 656 361 693 et
394 647 641 694 Plutarcho
677 655 838 707 aperte
866 648 1107 693 invectum.
1174 648 1276 693 Nec
1309 662 1481 707 quaero
1515 662 1622 691 num
1656 646 1833 692 Gellius
1867 647 1987 692 idem
2021 648 2155 695 fuerit
2199 653 2274 710 qui
2307 660 2472 712 postea
2506 650 2801 697 Consulatum

313 730 511 788 adeptus
541 731 612 775 sit.
685 730 901 786 Quisquis
934 727 1039 782 fuit,
1073 727 1156 772 fuit
1182 729 1318 772 homo
1355 727 1590 772 Tibulliani
1625 727 1723 770 fere
1757 727 1922 784 ingenii
1959 729 2030 771 cui
2068 730 2124 772 dii
2160 732 2335 776 divitias
2373 740 2420 776 et
2452 739 2614 790 pectus
2656 732 2791 774 dede-

313 817 444 863 rant,
483 817 581 853 arte
611 807 786 852 fruendi
821 807 1022 853 fortasse
1053 810 1198 853 minus
1225 810 1271 852 in
1298 823 1353 852 eo
1394 808 1617 851 elucente.
1667 801 1923 851 Ridiculum
1956 816 2106 852 autem
2144 824 2338 867 prorsus
2374 812 2646 872 Cleopatrae
2683 826 2804 855 cona

313 890 466 935 vivam
502 890 754 935 Mareotico
790 889 1066 948 lymphatum
1101 889 1291 948 alloqui:
1346 888 1460 933 Seu
1488 896 1745 933 moestus
1782 889 1926 932 omni
1969 894 2242 949 tempore
2265 893 2501 938 vixeris.

543 1027 627 1071 Hic
672 1027 794 1084 quod
831 1027 929 1071 iure
974 1028 1146 1073 mireris
1186 1042 1245 1071 ne
1291 1026 1576 1072 Proculeium
1611 1028 1788 1084 quidem
1831 1029 2195 1073 commemoravit
2246 1036 2438 1073 notum
2480 1031 2532 1072 in
2577 1031 2791 1075 fratres

318 1110 485 1153 animi
519 1109 778 1166 paterni,
809 1124 943 1166 quum
977 1109 1106 1166 paria
1140 1115 1427 1152 enumeraret
1463 1116 1508 1152 et
1539 1108 1702 1152 Tiberii
1737 1108 1964 1167 Drusique
1993 1110 2262 1154 mentionem
2289 1109 2465 1154 faceret
2498 1110 2542 1165 5,
2558 1111 2600 1154 5.
2647 1112 2804 1156 Bona

319 1174 652 1247 magnaque
689 1202 827 1246 pars
867 1189 974 1232 dixit
1006 1188 1060 1241 2,
1093 1187 1146 1242 9,
1178 1188 1206 1230 7
1240 1206 1293 1228 =
1327 1187 1375 1231 S.
1401 1188 1501 1241 l,l,
1531 1187 1601 1230 61.
1640 1187 1697 1231 Α.
1720 1189 1770 1231 P.
1787 1188 1888 1242 297,
1922 1203 2027 1233 nam
2061 1190 2117 1232 de
2152 1189 2203 1234 C.
2221 1190 2266 1243 4,
2284 1190 2328 1242 2,
2345 1189 2403 1233 46
2438 1190 2625 1233 dubitari
2649 1198 2804 1247 potest

322 1270 426 1328 quid
462 1268 685 1327 significet
728 1269 966 1313 vocis-b
981 1282 1089 1312 ona
1132 1283 1291 1326 pars.
1363 1269 1518 1326 Inepte
1564 1269 1691 1327 ponit
1724 1268 1933 1314 Valerius
1968 1269 2072 1315 hos
2109 1287 2156 1329 p.
2186 1269 2289 1315 illos
2317 1271 2368 1325 2,
2403 1271 2456 1324 7,
2492 1271 2545 1313 12
2581 1272 2656 1314 ubi
2686 1271 2801 1315 alios

322 1350 523 1394 eiusdem
547 1349 681 1394 locos
710 1350 881 1393 indicat
916 1349 1177 1393 Torrenius.
1249 1348 1463 1393 Horatius
1500 1350 1539 1393 si
1567 1350 1671 1393 dicit
1701 1349 1749 1393 S.
1780 1351 1822 1404 2,
1849 1351 1900 1404 2,
1933 1351 2011 1395 36:
2049 1352 2184 1409 „quia
2219 1350 2395 1395 scilicet
2425 1351 2546 1395 illis
2582 1351 2801 1395 Maiorem

322 1439 483 1474 natura
517 1431 697 1473 modum
733 1431 878 1484 dedit,
911 1429 996 1473 his
1031 1431 1175 1474 breve
1211 1431 1390 1487 pondus
1402 1433 1430 1454 ‘⁶
1469 1430 1797 1487 ambiguitatem
1833 1445 1950 1488 quae
1985 1431 2030 1474 in
2065 1431 2141 1475 illo
2174 1430 2345 1474 Valerii
2367 1431 2477 1482 ,loco
2516 1440 2587 1476 est
2621 1432 2802 1475 evitavit

323 1521 369 1556 et
402 1513 463 1555 ita
496 1510 638 1569 Verg.
664 1511 782 1554 Aen.
811 1511 887 1564 12,
919 1511 1005 1553 529
1040 1511 1115 1567 qui
1148 1512 1206 1553 ib.
1227 1511 1313 1554 789
1346 1510 1436 1553 hic
1457 1538 1473 1542 -
1494 1511 1586 1553 hic
1622 1511 1728 1553 dixit
1756 1527 1802 1568 p.
1838 1510 1928 1554 hic
1948 1511 2108 1565 -ille,
2145 1519 2191 1554 et
2225 1512 2523 1555 Germanicus
2547 1512 2591 1554 in
2620 1512 2800 1555 Arateis

323 1609 366 1636 v.
402 1591 500 1635 488.
557 1592 835 1648 Tacitusque
864 1591 951 1634 An.
984 1592 1035 1644 1,
1072 1591 1140 1633 70.

548 1718 678 1769 Quos
720 1726 771 1762 ut
807 1718 939 1762 simul
976 1717 1281 1775 complectar,
1330 1732 1435 1761 rara
1481 1726 1551 1761 est
1595 1732 1749 1760 eorum
1792 1719 1988 1761 imitatio.
2060 1718 2284 1761 Admonet
2317 1718 2546 1761 Horatiani
2592 1718 2800 1770 „Ennius

324 1800 426 1857 ipse
460 1805 594 1856 pater
623 1811 865 1854 numquam
898 1798 986 1841 nisi
1020 1806 1156 1856 potus
1203 1799 1261 1841 ad
1306 1812 1454 1840 arma
1489 1797 1767 1854 prosiluit
1812 1797 2098 1840 dicenda“
2134 1796 2315 1841 Seneca
2334 1797 2390 1847 Q.
2410 1796 2512 1840 Nat.
2545 1797 2574 1839 4
2602 1796 2718 1854 pr.§
2747 1796 2802 1840 18

323 1880 377 1921 in
428 1891 655 1922 scenam
694 1877 989 1935 prosiluit.
1062 1877 1273 1922 Ceterum
1303 1876 1603 1935 philosophus
1648 1877 1786 1935 paulo
1828 1877 2019 1935 iniquior
2059 1890 2169 1935 erga
2204 1877 2484 1921 Maecenatis
2529 1877 2802 1930 memoriam,

327 1971 459 2016 quem
481 1965 640 2002 contra
659 1957 804 2001 aniles
822 1971 1030 2002 rumores
1052 1959 1126 2015 qui
1146 1959 1317 2016 grande
1355 1959 1395 2001 ei
1416 1965 1461 2002 et
1486 1957 1614 2002 virile
1644 1958 1869 2017 ingenium
1898 1957 2101 2015 quamvis
2134 1957 2263 2015 quasi
2295 1957 2416 2002 inviti
2454 1958 2733 2010 concedunt,
2759 1957 2805 2001 in

328 2045 596 2096 perpetuum
630 2039 874 2082 tuebuntur
907 2039 1054 2083 verba
1086 2037 1209 2082 haud
1242 2038 1341 2083 scio
1366 2045 1512 2082 utrum
1548 2039 1721 2083 auctori
1756 2053 1814 2082 an
1845 2046 2040 2095 patrono
2076 2037 2493 2082 honorificentiora:
2538 2038 2660 2081 Non
2691 2039 2801 2082 isto

324 2119 546 2163 vivitur
576 2116 700 2162 illic
738 2132 843 2175 quo
882 2124 939 2162 tu
981 2130 1115 2162 rere
1149 2118 1334 2163 modo:
1378 2119 1570 2163 domus
1607 2117 1717 2163 hac
1759 2132 1865 2163 nec
1895 2118 2092 2176 purior
2125 2115 2243 2162 ulla
2279 2125 2379 2163 est.

552 2247 774 2304 Tragicus
806 2246 945 2289 habet
973 2246 1093 2288 eius
1130 2245 1319 2303 Thyest.
1349 2246 1458 2299 300,
1492 2246 1562 2289 bis
1599 2246 1829 2303 suspectis
1867 2247 1990 2304 apud
2024 2245 2079 2289 H.
2098 2245 2212 2290 locis
2231 2245 2423 2299 lectum3
2458 2246 2680 2291 volucri
2716 2248 2802 2292 die

325 2327 465 2370 Herc.
489 2326 539 2368 F.
561 2326 643 2369 179
677 2345 729 2366 =
759 2325 810 2370 C.
841 2326 894 2380 3,
929 2325 1011 2380 28,
1038 2325 1090 2368 6:
1125 2340 1184 2369 ac
1213 2326 1352 2370 veluti
1385 2333 1477 2370 stat
1520 2325 1786 2370 volucris
1821 2324 1972 2377 dies3
2000 2325 2249 2369 lucidum
2285 2325 2439 2371 coeli
2475 2327 2651 2371 decus
2688 2324 2801 2371 Oed.

324 2407 414 2451 405
451 2420 718 2464 expressum
749 2419 807 2449 ex
842 2405 893 2450 C.
931 2404 1163 2460 Seculari,
1200 2407 1572 2465 quemadmodum
1607 2419 1723 2464 quae
1761 2405 1972 2465 leguntur
1999 2405 2133 2465 Hipp.
2169 2404 2255 2450 508
2281 2412 2460 2463 sumpta
2490 2412 2595 2451 sunt
2626 2420 2684 2450 ex
2719 2407 2805 2465 Ep.

324 2487 378 2541 2,
408 2487 464 2529 23
493 2501 562 2543 sq.
598 2501 687 2543 quo
723 2486 893 2536 nullum
918 2486 1039 2530 aliud
1074 2486 1248 2530 Horatii
1286 2500 1471 2531 carmen
1511 2486 1765 2545 diligentius
1811 2486 1961 2530 imitati
2001 2493 2119 2530 sunt.
2168 2486 2280 2530 Ima
2324 2493 2610 2543 permutat
2651 2485 2802 2532 levis

324 2567 472 2612 hora
513 2566 735 2611 summis
770 2566 889 2611 idem
924 2565 1116 2621 alicubi,
1154 2567 1275 2624 quod
1306 2566 1558 2626 elegantius
1596 2567 1726 2611 effert
1744 2565 1800 2610 H.
1823 2564 1873 2610 C.
1894 2565 1935 2619 1,
1963 2563 2135 2619 34‚13:
2171 2563 2395 2609 Mutare
2430 2572 2488 2609 et
2521 2565 2806 2624 insignem

327 2655 596 2693 attenuat
632 2648 786 2692 deus.
830 2647 1048 2705 Apertior
1075 2647 1256 2692 imitatio
1278 2647 1415 2692 Herc.
1437 2648 1487 2691 F.
1516 2648 1565 2691 1:
1606 2647 1786 2692 Soror
1823 2644 2249 2691 Tonantis-hoc
2285 2645 2427 2688 enim
2461 2644 2642 2689 solum
2675 2645 2807 2690 mihi

327 2730 545 2775 Nomen
576 2728 846 2772 relictum
889 2736 979 2773 est
1016 2747 1065 2768 ι-
1102 2728 1157 2772 Η.
1190 2728 1239 2773 C.
1268 2729 1320 2781 3,
1356 2729 1427 2783 27,
1462 2729 1543 2773 33:
1609 2729 1766 2779 Quae
1813 2726 1982 2772 simul
2022 2734 2250 2770 centum
2288 2726 2481 2784 tetigit
2515 2734 2809 2783 potentem

330 2809 575 2868 oppidis
619 2809 853 2862 Creten,
900 2810 1089 2866 pater!
1133 2826 1159 2853 ο
1200 2810 1470 2853 relictum
1513 2810 1699 2853 Filiae
1744 2822 1945 2852 nomen
1989 2821 2121 2864 quem
2148 2807 2298 2851 locum
2339 2807 2467 2863 primi
2513 2815 2640 2849 recte
2674 2808 2808 2851 inter-

330 2890 494 2949 pretati
534 2898 642 2933 sunt
684 2888 947 2933 Huschkius
992 2889 1127 2933 Anal.
1165 2890 1350 2934 litterar.
1387 2907 1435 2948 p.
1469 2890 1554 2933 297
1582 2906 1651 2948 sq.
1691 2900 1735 2934 et
1776 2889 2129 2946 Peerlkampus,
2176 2887 2251 2945 qui
2294 2885 2409 2931 illius
2451 2894 2600 2930 tamen
2643 2887 2810 2931 nullam

329 2971 601 3015 mentionem
629 2968 751 3013 facit.

554 3096 716 3142 Nunc
760 3112 907 3142 nunc
953 3098 1075 3156 apud
1107 3097 1338 3141 Horatium
1376 3106 1420 3141 et
1450 3097 1673 3141 Senecam
1708 3098 1926 3156 tragicum
1970 3096 2156 3154 legitur,
2203 3110 2389 3152 quorum
2430 3094 2561 3139 locos
2602 3094 2812 3139 iudicavit

333 3177 534 3221 Handius
569 3179 614 3221 in
646 3176 841 3220 Tursell.
877 3176 938 3220 IV
973 3194 1019 3235 p.
1050 3178 1148 3221 343.-
1202 3178 1301 3235 Ego
1336 3179 1453 3221 addo
1484 3178 1563 3222 Sil.
1591 3179 1640 3222 lt.
1671 3178 1749 3232 16,
1783 3178 1881 3222 428.

555 3294 618 3337 Ut
651 3294 849 3338 omittam
877 3307 997 3337 nunc
1032 3294 1361 3347 Institutiones,
1395 3295 1439 3337 in
1476 3295 1637 3352 quibus
1673 3295 1932 3352 complures
1967 3293 2058 3337 loci
2080 3301 2209 3346 sunt,
2245 3293 2301 3335 de
2336 3291 2496 3348 quibus
2527 3289 2687 3347 ambigi
2702 3305 2810 3348 pos-

332 3375 389 3419 sit
435 3383 584 3419 utrum
631 3374 920 3418 imitationem
958 3372 1132 3417 Horatii
1175 3381 1427 3418 statuamus
1473 3391 1529 3418 an
1574 3390 1691 3428 non,
1731 3375 1873 3419 veluti
1911 3374 1964 3427 ὅ,
2001 3374 2080 3427 10,
2115 3373 2172 3416 67
2226 3386 2345 3415 cnm
2388 3371 2506 3413 risu
2550 3377 2669 3414 tota
2715 3386 2809 3414 res
