3008 3764
1330 77 1646 135 ..5-

258 246 467 290 floruisse
492 247 603 290 satis
632 252 835 296 constat,
863 251 1130 299 quamquam
1167 252 1226 281 ne
1260 238 1382 281 hunc
1423 238 1599 295 quidem
1630 236 1987 294 praestigiatoris
2015 236 2137 280 fama
2166 237 2297 293 plane
2333 238 2465 281 etiam
2496 251 2615 281 nunc
2647 252 2723 282 ca-

260 340 366 370 rere
399 336 559 370 auctor
590 314 670 370 'est
703 324 925 367 Pricaeus
955 319 1016 361 ad
1046 317 1257 361 Vartonis
1296 317 1413 361 Ilist.
1444 332 1570 373 poes.
1604 316 1738 373 Angl.
1772 316 1826 360 V.
1856 317 1882 359 2
1913 334 1955 374 p.
1986 318 2068 361 411
2103 318 2172 362 ed.
2201 317 2350 369 lIdae,
2393 328 2441 361 ut
2486 334 2543 363 ex
2587 318 2722 375 ephe·

257 408 498 450 meridibus
528 402 756 449 litterariis
786 398 1006 443 certiores
1035 396 1148 442 facti
1175 411 1350 443 sumus.
1408 396 1610 451 Placuit,
1654 404 1701 440 ut
1735 396 1860 440 brevi
1895 411 1989 441 rem
2032 397 2330 455 complectar,
2375 398 2600 455 Vergilius
2629 397 2721 442 Ro-

254 489 540 532 manensibus
566 480 748 542 populis
779 492 1022 536 eorumque
1051 476 1197 535 poetis
1227 477 1388 536 quique
1415 477 1501 522 hos
1525 477 1680 521 imitati
1706 484 1809 521 sunt
1838 484 1969 534 atque
1996 478 2126 523 simul
2156 492 2256 521 cum
2286 477 2357 522 his
2385 478 2504 522 vivet
2531 487 2574 522 et
2600 479 2723 536 peri-

253 569 339 612 bit:
369 567 535 626 placuit
561 561 776 607 Horatius
811 560 961 612 sanis,
999 558 1185 611 sobriis,
1226 557 1427 602 cordatis
1474 557 1726 602 hominibus
1764 557 1955 602 omnium
1997 566 2191 603 aetatum
2229 566 2273 602 et
2304 559 2517 615 gentium,
2556 560 2722 617 placuit

253 649 409 693 Wittio
439 648 555 690 inter
583 648 826 694 tormenta,
861 639 1027 697 placuit
1058 639 1130 698 qui
1160 637 1220 681 nil
1248 638 1334 682 nisi
1362 638 1586 681 hominem
1614 646 1658 681 et
1690 651 1795 681 esse
1826 645 1869 680 et
1897 637 2054 682 haberi
2075 647 2263 696 cuperet
2282 639 2540 695 Lessingi03
2571 640 2720 696 displi-

252 732 343 774 cuit
369 729 488 772 idem
516 736 754 781 numquam
782 736 871 765 non
901 723 956 786 iis
993 722 1066 780 qui
1103 722 1148 764 in
1185 723 1331 765 bonas
1365 721 1538 763 litteras
1576 726 1898 775 grassarentur
1934 726 1978 761 et
2017 720 2247 764 societatis
2284 719 2506 763 humanae
2543 721 2720 764 vincula

251 810 430 856 solvere
459 803 753 856 conarentur,
789 802 1014 859 displicuit
1049 801 1185 845 facile
1214 803 1269 845 iis
1297 802 1370 859 qui
1400 800 1610 856 opinione
1640 807 1746 842 ante
1777 808 2066 856 praesumpta
2094 800 2338 857 paullulum
2367 815 2418 844 se
2450 815 2476 843 a
2502 816 2611 845 vero
2640 803 2717 845 ab·

252 889 354 933 duci
382 888 508 945 passi
536 885 646 938 sint,
674 885 792 943 quod
822 882 1054 926 Schmidio
1084 882 1364 926 Berolinensi
1392 894 1536 937 nuper
1567 879 1790 923 accidisse
1821 895 1909 922 non
1941 881 2083 937 magis
2115 882 2319 926 dolemus
2343 897 2474 944 quam
2503 896 2646 938 aequo
2675 876 2742 926 et'

249 968 463 1027 religioso
493 967 535 1010 in
558 967 715 1024 paucis
740 965 1016 1008 aestimatori
1046 964 1319 1021 antiquitatis
1345 961 1577 1006 Loebellio
1607 960 1839 1003 Horatium
1870 963 2051 1018 probari
2081 962 2311 1006 laetamur.
2370 963 2618 1006 Placebunt
2639 964 2717 1006 de—

247 1048 382 1108 nique
413 1048 451 1093 si
479 1047 584 1107 quid
613 1046 758 1091 sentio
787 1046 831 1088 in
861 1051 1127 1102 perpetuum
1154 1042 1369 1087 nonnulla
1394 1042 1733 1094 Bucolicorum,
1771 1041 1907 1083 multa
1937 1042 2175 1093 Aeneidis,
2215 1044 2406 1100 plurima
2437 1043 2716 1100 Georgicon3
2772 1043 2789 1055 ²

247 1129 474 1175 dimidiato
504 1135 652 1173 autem
679 1125 880 1184 Vergilio
909 1125 1123 1170 Horatius
1151 1125 1325 1182 integer
1353 1132 1588 1182 superstes
1620 1122 1726 1175 erit,
1765 1122 1891 1166 cuius
1930 1137 2062 1181 quam
2101 1125 2173 1167 diu
2208 1125 2383 1168 litterae
2413 1125 2601 1166 Latinae
2640 1124 2714 1165 do-

250 1210 468 1253 cebuntur
496 1207 644 1251 honor
671 1205 919 1264 laudesque
962 1206 1007 1249 in
1054 1205 1172 1249 omni
1214 1204 1336 1262 quod
1377 1204 1563 1247 tentavit
1606 1203 1851 1248 litterarum
1891 1216 2060 1260 genere
2098 1207 2348 1250 manebunt.

438 1288 572 1339 Quod
586 1294 733 1331 autem
748 1284 1072 1342 Peerlkampus
1093 1285 1150 1330 de
1169 1284 1286 1328 mala
1302 1283 1516 1329 librorum
1532 1297 1642 1328 mss.
1662 1283 1925 1327 condicione
1946 1284 2155 1342 disputat,
2173 1286 2302 1329 modo
2321 1285 2581 1329 accuratius
2602 1285 2716 1327 inter

245 1372 521 1429 singularum
534 1384 693 1412 vocum
708 1367 992 1424 corruptelas
1008 1374 1288 1424 totorumque
1304 1380 1515 1410 versuum
1536 1372 1581 1409 et
1593 1363 1881 1422 stropharum
1893 1364 2256 1423 interpolationes
2272 1367 2571 1419 distinxisset,
2599 1367 2643 1409 in
2661 1366 2713 1409 iis

244 1454 306 1495 ita
330 1465 401 1494 me
423 1450 742 1494 assentientem
772 1448 931 1499 habet,
959 1455 1009 1490 ut
1036 1447 1199 1490 addam
1219 1446 1365 1491 locum
1394 1461 1505 1503 prae
1539 1447 1705 1490 ceteris
1732 1445 2062 1489 memorabilem
2093 1447 2164 1503 qui
2193 1447 2318 1490 latuit
2348 1461 2505 1491 omnes
2539 1448 2596 1490 de
2625 1446 2713 1490 hoc

245 1539 505 1590 argumento
535 1530 810 1573 disserentes
839 1528 1026 1585 Sulpicii
1057 1528 1215 1572 Severi
1252 1528 1297 1570 in
1326 1526 1440 1570 Hist.
1475 1525 1519 1569 S.
1553 1525 1600 1579 l,
1629 1526 1706 1570 4οε
1747 1527 1884 1579 „Sed
1919 1541 2009 1570 non
2048 1527 2212 1580 dubito,
2249 1527 2532 1572 librariorum
2562 1528 2712 1585 potius

244 1611 551 1670 neglegentia,
584 1609 850 1665 praesertim
879 1616 944 1651 tot
971 1609 1058 1651 iam
1085 1607 1249 1651 seculis
1278 1607 1658 1651 intercedentibus
1687 1608 1923 1651 veritatem
1936 1607 2079 1652 fuisse
2099 1617 2348 1666 corruptam
2367 1624 2500 1667 quam
2531 1618 2578 1653 ut
2608 1624 2711 1666 pro-

243 1693 380 1749 pheta
411 1690 648 1741 erraverit,
682 1689 798 1731 sicut
826 1689 871 1731 in
896 1688 985 1730 hoc
1014 1688 1113 1744 ipso
1141 1693 1298 1730 nostro
1329 1685 1548 1742 opusculo
1578 1685 1775 1730 futurum
1802 1688 2052 1741 credimus,
2088 1697 2136 1731 ut
2164 1690 2509 1733 describentium
2539 1691 2711 1734 incuria

242 1786 357 1832 quae
386 1785 474 1814 non
518 1771 742 1813 incuriose
789 1783 817 1811 a
859 1770 990 1811 nobis
1020 1776 1124 1811 sunt
1155 1768 1330 1825 digesta
1357 1768 1614 1810 vitientur.“
1673 1768 1842 1811 Verum
1868 1770 1907 1811 si
1937 1769 2278 1825 Peerlkampum
2309 1771 2518 1827 sequeris
2551 1778 2710 1827 quarta

240 1854 339 1898 fere
367 1866 475 1909 pars
506 1850 747 1893 carminum
776 1849 1022 1893 recidenda
1051 1856 1143 1901 est,
1183 1849 1243 1891 ita
1281 1856 1328 1891 ut
1360 1850 1437 1890 vix
1468 1848 1655 1904 singulis
1685 1848 1811 1893 libris
1841 1850 1985 1893 iustus
2023 1851 2212 1893 ambitus
2245 1859 2459 1893 constare
2492 1852 2707 1894 videatur.

240 1934 354 1976 Nam
382 1939 429 1975 ut
457 1944 546 1974 uno
578 1928 784 1987 exemplo
815 1927 1059 1986 defungar,
1087 1942 1145 1972 ex
1175 1934 1333 1986 quarto
1361 1927 1477 1971 libro
1506 1928 1582 1985 qui
1610 1927 1748 1972 habet
1774 1929 1859 1972 585
1883 1944 2068 1983 versus,
2102 1930 2182 1972 136
2207 1932 2453 1973 eiiciendos
2482 1945 2587 1972 esse
2604 1945 2708 1973 cen·

241 2021 325 2058 set.
385 2011 512 2061 Quos
541 2010 597 2053 ab
627 2024 716 2054 uno
745 2009 1064 2066 interpolatore
1093 2007 1327 2065 profectos
1356 2022 1462 2051 esse
1492 2022 1624 2065 quum
1648 2009 1746 2065 ipse
1775 2010 1937 2066 opinor
1953 2012 2225 2054 contendere
2253 2026 2344 2054 non
2369 2013 2558 2064 audeat,
2589 2013 2707 2055 unde

241 2100 306 2136 tot
336 2092 560 2135 variorum
590 2097 838 2145 temporum
863 2096 906 2131 et
935 2095 1191 2140 auctorum,
1220 2089 1334 2131 inter
1364 2102 1478 2145 quos
1506 2089 1635 2143 pueri
1666 2103 1842 2146 quoque
1876 2104 1933 2133 ex
1975 2091 2072 2134 eius
2102 2092 2321 2134 sententia
2350 2092 2569 2144 habendi,
2596 2094 2707 2135 mira

240 2173 487 2232 aequalitas
515 2184 801 2213 numerorum
831 2175 1179 2225 argumentaque
1220 2175 1264 2211 et
1303 2167 1552 2212 sententiae
1588 2181 1704 2213 aevo
1735 2168 1907 2213 Horatii
1953 2178 2075 2213 certe
2120 2171 2378 2227 aptissimae
2426 2173 2706 2230 maximeque

239 2251 584 2299 convenientes?
637 2251 768 2299 Quod
797 2259 844 2293 ut
871 2251 957 2307 ipsi
984 2250 1286 2308 quaerendum
1314 2248 1616 2307 relinquamus
1648 2248 1773 2306 (nam
1801 2250 1845 2293 in
1875 2249 2153 2307 praefatione
2184 2266 2272 2295 non
2303 2252 2415 2296 satis
2444 2253 2632 2297 attendit
2649 2253 2705 2297 ad

236 2337 355 2379 hanc
385 2334 742 2393 quaestionem),
792 2333 910 2374 dicat
959 2331 1197 2388 quispiam:
1245 2331 1403 2374 Nonne
1447 2337 1494 2373 tu
1532 2329 1632 2385 ipse
1660 2329 1875 2374 nonnulla
1903 2330 2168 2387 interpolata
2200 2346 2306 2376 esse
2336 2333 2518 2377 credis?
2575 2334 2703 2391 Atqui

237 2417 355 2475 quod
381 2416 426 2457 in
456 2428 546 2457 uno
574 2426 709 2455 versu
735 2411 833 2454 fieri
862 2413 1022 2469 potuit,
1049 2412 1191 2468 potuit
1220 2412 1266 2454 in
1292 2418 1468 2454 centum
1498 2409 1718 2454 versibus
1776 2410 1923 2454 Audio
1960 2426 2045 2455 nec
2081 2420 2204 2455 recte
2235 2420 2277 2455 te
2313 2413 2602 2459 concludisse
2631 2429 2702 2458 ne-

235 2496 458 2555 gaverim:
487 2495 555 2537 sic
584 2501 728 2537 autem
758 2493 987 2543 existimo,
1014 2492 1145 2534 etiam
1182 2492 1227 2533 in
1266 2491 1337 2533 his
1364 2491 1501 2532 rebus
1530 2489 1707 2532 modum
1736 2490 1957 2545 quendam
1989 2504 2167 2546 semper
2195 2490 2338 2534 fuisse
2371 2501 2416 2536 et
2444 2494 2558 2537 fines
2589 2495 2700 2537 intra

234 2589 348 2633 quos
377 2587 575 2632 peccare
604 2573 770 2616 liceret.
829 2572 1028 2629 Crepent
1057 2578 1271 2628 quotquot
1300 2570 1453 2611 volent
1484 2572 1538 2611 de
1564 2569 1845 2611 librariorum
1877 2572 2065 2612 incuria:
2098 2571 2216 2613 nullo
2248 2571 2349 2615 fere
2379 2589 2467 2616 non
2503 2584 2700 2629 tempore

232 2656 436 2700 homines
469 2653 679 2711 religiose
721 2654 765 2696 id
803 2666 962 2695 munus
1004 2659 1274 2700 exercentes
1318 2651 1683 2703 inveniebantur,
1731 2667 1917 2710 quorum
1972 2654 2068 2694 sine
2114 2668 2255 2710 opera
2291 2664 2493 2698 veterum
2533 2655 2700 2708 scripta

231 2734 365 2779 multo
392 2727 676 2790 corruptiora
705 2738 909 2777 extarent
939 2744 1071 2790 quam
1097 2744 1200 2774 esse
1229 2730 1459 2773 laetamur.
1515 2731 1706 2774 Accedit
1733 2734 1852 2789 quod
1885 2735 1940 2775 de
1971 2735 2239 2776 carminibus
2270 2737 2581 2777 recensionem
2604 2735 2697 2776 Ma-

230 2814 360 2859 vortii
401 2813 642 2865 habemus,
685 2812 808 2855 cuius
847 2812 1156 2855 auctoritatem
1197 2811 1446 2854 cavendum
1491 2818 1561 2854 est
1610 2825 1668 2853 ne
1703 2819 1871 2855 temere
1907 2813 2088 2855 laedere
2120 2814 2363 2856 videamur.
2416 2816 2529 2856 Nam
2559 2816 2698 2855 ceteri

230 2895 406 2954 quidem
443 2892 693 2948 scriptores
724 2896 1070 2947 (enumerantur
1113 2899 1261 2935 autem
1303 2890 1502 2935 sedecim
1539 2905 1726 2948 quorum
1756 2893 2020 2938 recensione
2058 2893 2208 2952 aliqua
2246 2896 2436 2949 utimur)
2465 2902 2721 2956 praestant¹

230 2975 481 3033 integritate
511 2974 564 3017 iis
598 2974 672 3031 qui
703 2988 759 3018 ea
788 2979 959 3017 carent.
1026 2972 1098 3016 Ac
1141 2975 1370 3029 sapienter
1401 2971 1757 3018 Schneidevinus
1788 2973 1897 3031 prol.
1928 2975 1986 3017 ad
2016 2974 2209 3019 Martial.
2239 2992 2282 3033 p.
2315 2976 2420 3020 CX:
2477 2975 2570 3028 „Et
2598 2977 2698 3018 uni—

227 3070 361 3102 verse
390 3055 565 3113 quidem
596 3055 711 3097 bene
739 3068 928 3111 sperare
957 3054 1079 3097 iubet
1109 3054 1154 3096 id
1183 3054 1302 3110 quod
1330 3061 1510 3096 veteres
1542 3068 1642 3097 cum
1672 3054 1877 3099 Graecos
1911 3063 1999 3098 tum
2031 3056 2220 3100 Latinos
2250 3071 2462 3100 summum
2493 3057 2698 3099 videmus

225 3141 269 3182 in
296 3152 352 3182 eo
380 3136 589 3194 posuisse
619 3135 833 3187 studium,
882 3141 929 3178 ut
972 3135 1104 3179 codd.
1142 3134 1473 3178 vetustissimos
1514 3143 1559 3178 et
1593 3135 1682 3178 fide
1721 3136 2008 3192 dignissimos
2045 3139 2387 3194 contraherent,
2424 3154 2513 3182 non
2550 3154 2695 3183 vanae
2754 3157 2760 3177 2

225 3219 429 3261 luxuriae
456 3215 777 3271 iactantiaeque
807 3217 982 3271 gratia,
1019 3215 1105 3259 sed
1138 3222 1187 3258 ut
1233 3215 1289 3258 de
1332 3215 1558 3271 scriptura
1597 3216 1798 3273 ipsorum
1842 3226 2075 3263 auctorum
2108 3229 2235 3264 certo
2268 3227 2547 3263 constaret.“
2605 3221 2696 3263 Cur

225 3305 371 3344 autem
399 3299 518 3358 quod
546 3298 700 3342 demus
732 3294 973 3354 Calliopio,
1002 3296 1169 3342 Turcio
1197 3295 1483 3355 Aproniano,
1518 3295 1638 3351 aliis,
1676 3299 1920 3343 adimamus
1950 3300 2123 3360 Agorio
2155 3300 2275 3344 nulla
2304 3313 2447 3343 causa
2477 3309 2559 3344 est.
2618 3301 2693 3354 At,

223 3381 420 3438 inquies,
470 3387 534 3424 tot
578 3378 740 3424 foedae
784 3376 1068 3436 corruptelae
1113 3379 1263 3424 insunt
1311 3379 1355 3423 in
1399 3378 1686 3427 carminibus.
1747 3379 1962 3426 Concedo
2004 3383 2066 3426 ita
2105 3390 2152 3426 ut
2191 3396 2274 3441 pro
2315 3388 2443 3426 certo
2486 3381 2693 3438 habeam,
