3008 3764
107 447 299 495 Sulpiciuc

121 519 293 556 Severus.

97 1234 275 1270 Sidonius

97 1305 290 1351 Apollina-

164 1375 230 1411 ris.

94 1667 133 1704 S.
160 1667 299 1703 Hiero·

116 1749 260 1784 aymus.

1387 116 1756 175 „20-

324 274 497 323 mollius
546 291 680 336 quam
725 276 877 322 victa'
919 280 1061 321 visum
1111 285 1180 321 est
1226 277 1337 322 Silio
1380 277 1433 330 3,
1473 277 1573 321 581.
1648 278 1905 323 Emutare
1947 278 2165 323 familiare
2206 278 2405 321 Manilio.
2469 278 2803 340 Eremigare

325 359 403 404 Sil.
435 358 509 415 14,
538 358 631 401 191.

545 437 751 496 Diligens
777 437 972 480 Terentii
1005 444 1049 480 et
1082 436 1274 481 Salustii
1298 437 1491 481 imitator
1518 436 1658 481 habet
1689 436 1744 480 H.
1774 437 1825 491 2,
1855 437 1912 481 32
1958 440 2154 496 pravis
2190 437 2402 482 ambitio
2416 438 2599 492 nibus,
2636 439 2800 496 plurali
2831 479 2837 486 ,

322 533 509 562 numero
538 534 597 563 ex
626 533 750 562 more
780 518 1085 575 prosariorum
1115 517 1342 562 inferioris
1371 518 1533 562 aetatis
1563 519 1834 576 scriptorum
1859 519 2066 576 praelato
2096 538 2151 561 =
2180 520 2226 564 S.
2258 520 2297 574 l,
2325 519 2369 574 6,
2398 519 2467 563 51.
2494 533 2669 577 prava
2697 533 2804 563 am.

322 592 657 643 bitione.⁸V.
682 600 728 642 B.
754 599 934 641 Martini
978 599 1148 656 praefi:
1199 599 1446 643 Emissus
1483 598 1655 642 semel
1703 612 1806 641 non
1841 608 2008 656 queat
2044 601 2303 643 revocari
2341 622 2387 641 =
2423 600 2506 658 Ep.
2538 599 2587 653 1,
2621 599 2696 653 18,
2726 601 2804 643 71:

322 679 385 725 Et
413 680 584 725 semel
614 680 860 724 emissum
891 678 1040 724 volat
1067 678 1445 724 irrevocabile
1476 679 1708 723 verbum.
1735 707 1742 711 κ
1770 677 1862 723 Cic.
1893 679 2016 735 apud
2044 680 2281 736 Augustin.
2314 679 2395 737 (fr.
2411 679 2557 738 p.580
2581 680 2651 724 ed.
2673 679 2799 737 Or.)=

320 762 530 805 nullum
559 777 778 819 usquam
809 763 1047 816 verbum,
1077 761 1220 817 quod
1251 775 1523 803 revocare
1552 759 1726 802 vellet
1756 760 1938 802 emisit
1967 760 2042 802 ubi
2070 760 2215 802 malim
2246 777 2345 803 cum
2361 761 2520 806 Beiero
2542 755 2802 805 Africanum

322 843 538 886 minorem
569 842 815 900 intelligere
838 854 968 899 quam
985 854 1085 882 cum
1109 841 1293 883 Patritio
1314 840 1545 883 Catonem.
1576 840 1837 882 Lactantius
1866 840 1895 882 Ι.
1917 840 1955 892 1,
1974 839 2017 891 9,
2051 840 2095 881 l:
2126 839 2381 894 „Hercules
2412 844 2485 901 qui
2512 844 2568 886 ob
2597 843 2801 885 virtutem

324 921 600 967 clarissimus
645 930 688 966 et
739 921 868 980 quasi
906 919 1151 964 Africanus
1193 920 1310 963 inter
1348 919 1459 963 deos
1500 919 1726 962 habetur-‘⁶
1769 919 1987 963 minorem
2038 919 2296 977 significare
2341 922 2531 966 videtur.
2593 921 2799 966 Videre

321 1003 522 1047 videor
552 1002 691 1059 Epist.
721 1001 763 1043 2.
798 1016 840 1058 p.
872 1000 956 1044 223
983 1000 1108 1044 favet
1137 1000 1339 1044 Bentleio
1368 1001 1429 1043 ita
1455 1015 1538 1058 pro
1569 1000 2009 1044 audire-videor
2038 1000 2205 1058 legenti
2232 1002 2283 1048 C.
2311 1002 2353 1055 2,
2381 1002 2421 1055 1,
2451 1002 2504 1045 21
2534 1003 2609 1046 ubi
2638 1001 2801 1047 nollem

325 1083 624 1140 Peerlkampo
644 1082 891 1126 excidisset
922 1082 1120 1126 sudare
1140 1105 1155 1114 -
1179 1081 1226 1124 vi
1240 1081 1266 1123 d
1280 1094 1386 1125 eor.
1425 1079 1501 1124 Sic
1520 1080 1788 1124 Prudentius
1810 1093 1985 1138 quoque
2000 1079 2156 1138 Steph.
2169 1081 2214 1135 2,
2232 1081 2317 1126 558
2344 1082 2537 1126 videor
2557 1108 2574 1117 -
2596 1083 2799 1127 videre.

549 1220 609 1262 Ut
639 1219 759 1262 hunc
791 1219 1172 1275 perstringamus,
1204 1219 1278 1274 qui
1306 1217 1435 1260 etiam
1466 1217 1582 1259 inter
1609 1217 1943 1261 versificatores
1959 1217 2104 1260 locum
2124 1231 2253 1261 suum
2273 1220 2460 1272 obtinet,
2484 1219 2648 1264 multae
2676 1219 2800 1263 lecti-

324 1300 424 1344 onis
462 1300 529 1343 vir
573 1307 617 1341 et
650 1299 914 1357 ingeniosus
950 1298 1222 1357 antiquitatis
1261 1298 1528 1349 admirator,
1575 1297 1947 1354 quemadmodum
1990 1298 2032 1340 in
2074 1297 2190 1355 Epp.
2225 1298 2274 1350 l,
2304 1298 2332 1341 5
2374 1300 2458 1342 iter
2487 1299 2799 1343 Brundisinum

324 1380 560 1426 manifesto
590 1380 785 1424 imitatus
818 1386 910 1436 est,
939 1380 1000 1423 ita
1029 1377 1318 1435 Horatianus,
1357 1378 1394 1421 si
1424 1376 1558 1420 modo
1590 1383 1680 1433 est,
1707 1376 1957 1421 Rhodani
1985 1384 2146 1435 potor
2187 1378 2243 1422 ab
2281 1391 2337 1422 8ο
2367 1387 2560 1424 mutatur
2588 1379 2630 1423 in
2665 1379 2797 1423 bibi-

322 1472 406 1507 tor
436 1461 709 1505 Araricus
749 1460 806 1503 ib.
841 1460 885 1513 l,
922 1459 961 1503 8.
998 1459 1117 1516 quod
1149 1459 1217 1503 sic
1253 1458 1380 1502 effert
1417 1456 1491 1502 Sil.
1526 1457 1598 1510 15,
1633 1456 1738 1500 503:
1780 1457 2029 1502 Rhodani
2071 1459 2164 1516 qui
2206 1460 2428 1517 gurgite
2466 1461 2715 1518 gaudent
2754 1467 2798 1503 et

322 1551 514 1586 unctus
551 1542 687 1585 utitur
714 1540 867 1584 Flacci
907 1555 1046 1584 sensu
1083 1541 1141 1584 ib.
1173 1541 1222 1592 2,
1250 1539 1279 1583 9
1316 1539 1372 1585 cl.
1408 1540 1640 1582 Savarone
1669 1553 1716 1594 p.
1751 1537 1832 1581 146
1868 1547 1912 1581 et
1939 1528 2214 1583 venenare
2242 1539 2292 1593 5,
2320 1539 2361 1583 6.

547 1647 727 1687 Patrum
778 1644 1210 1698 ecclesiasticorum,
1254 1643 1443 1683 maxime
1494 1643 1773 1698 Hieronymi,
1812 1643 2066 1698 diligentem
2104 1644 2324 1685 rationem
2366 1644 2520 1686 habuit
2556 1644 2796 1694 Bentleius,

322 1725 451 1768 cuius
483 1725 639 1780 copias
669 1724 884 1779 imprimis
916 1737 971 1764 ex
1003 1723 1050 1765 S.
1067 1723 1310 1765 Ambrosio
1342 1721 1563 1778 supplevit
1585 1723 1925 1779 Peerlkampus.
1969 1725 2101 1766 Addo
2131 1738 2263 1766 unum
2287 1724 2332 1768 S.
2369 1725 2626 1783 Hieronymi
2647 1724 2794 1765 locum

319 1806 378 1848 ad
408 1804 696 1847 Heliodorum
730 1804 786 1846 de
815 1804 906 1846 vita
937 1803 1088 1847 Erem.
1118 1802 1136 1844 1
1165 1817 1208 1859 p.
1240 1802 1267 1843 2
1296 1801 1332 1844 Β
1364 1802 1544 1845 siccis
1574 1803 1754 1847 oculis
1786 1804 1851 1846 ad
1881 1803 2149 1846 vexillum
2179 1805 2359 1848 crucis
2396 1805 2557 1849 evola
2585 1825 2632 1844 =
2671 1802 2721 1846 C.
2755 1803 2792 1854 l,

318 1884 371 1937 3,
416 1885 468 1928 18
511 1886 602 1942 qui
637 1886 810 1928 siccis
848 1882 1027 1927 oculis
1063 1890 1311 1926 monstra
1347 1883 1612 1927 natantia.
1673 1883 1778 1927 Plus
1815 1884 1929 1928 enim
1966 1885 2104 1929 sicci
2141 1887 2284 1931 oculi
2331 1889 2375 1931 in
2417 1887 2486 1932 his
2529 1885 2643 1930 locis
2693 1890 2795 1927 sunt

320 1979 455 2023 quam
494 1980 582 2009 non
625 1964 866 2009 madefacti
904 1964 1102 2007 lacrimis
1145 1969 1189 2006 et
1229 1962 1425 2018 disparia
1462 1977 1560 2005 cum
1600 1963 1844 2007 Horatiano
1883 1967 2134 2022 composuit
2168 1967 2220 2011 A.
2251 1967 2322 2012 W.
2352 1966 2582 2025 Zumptius
2621 1964 2678 2008 ad
2706 1963 2795 2006 Na·

318 2048 496 2090 matian.
528 2048 565 2099 l,
598 2046 690 2091 166.
752 2047 875 2089 Usus
907 2053 1055 2088 autem
1087 2044 1288 2089 eiusdem
1320 2051 1391 2087 est
1427 2045 1678 2089 testimonio
1708 2046 1938 2089 Bentleius
1965 2047 2008 2090 in
2046 2047 2282 2103 praeclara
2314 2048 2611 2104 disputatione
2647 2046 2703 2088 ad
2742 2044 2793 2086 E.

319 2129 370 2181 l,
401 2130 451 2181 7,
483 2129 551 2171 29.
611 2130 777 2171 Forte
808 2142 905 2185 per
934 2134 1215 2183 angustam
1246 2125 1426 2169 tenuis
1455 2126 1754 2183 vulpecula
1793 2128 1979 2170 rimam
2010 2128 2180 2172 docens
2217 2144 2315 2172 eum
2354 2131 2536 2172 novisse
2573 2128 2691 2170 hanc
2726 2125 2791 2169 fa-

318 2211 466 2254 bulam
501 2226 632 2267 quam
661 2212 715 2253 ab
747 2210 935 2266 Aesopo
967 2209 1179 2252 Horatius
1210 2207 1459 2260 transtulit,
1498 2216 1545 2251 ut
1574 2209 1628 2251 de
1659 2207 1849 2252 mustela
1886 2217 1930 2252 et
1962 2224 2109 2262 mure,
2146 2225 2235 2253 non
2263 2210 2499 2267 vulpecula
2541 2209 2642 2253 olim
2681 2222 2790 2250 con-

317 2289 467 2333 fictam
498 2290 768 2345 scripsitque
797 2286 1047 2333 nitedula
1075 2305 1119 2343 p.
1151 2286 1461 2343 vulpecula.
1506 2288 1634 2337 Quae
1658 2289 1897 2345 disputatio
1914 2288 2101 2334 Bentleii
2120 2306 2252 2347 quum
2278 2306 2522 2347 paucarum
2552 2305 2577 2332 e
2606 2304 2788 2332 numero

316 2372 394 2422 sit,
431 2386 560 2426 quam
594 2387 682 2413 non
713 2369 908 2412 infelix
947 2383 1083 2424 puer
1110 2370 1285 2424 impar
1320 2383 1665 2425 congressus
1692 2368 1900 2412 Achilli
1929 2370 2011 2413 sed
2036 2371 2105 2413 vir
2134 2371 2381 2414 eruditione
2412 2379 2456 2413 et
2471 2371 2649 2426 ingenio
2669 2369 2789 2411 haud

312 2452 444 2494 nimis
488 2451 670 2493 inferior
703 2465 863 2508 magno
906 2450 1146 2501 Britanno,
1196 2463 1223 2491 a
1270 2463 1407 2492 sensu
1448 2458 1596 2492 autem
1630 2450 1806 2506 pulchri
1847 2450 2364 2505 fortasselinstructior,
2407 2452 2676 2494 Fredericus
2716 2450 2788 2491 la-

313 2534 498 2576 cobsius
531 2534 571 2574 in
603 2533 752 2575 Lectt.
783 2532 1000 2575 Venusin.
1032 2546 1073 2587 p.
1096 2530 1152 2573 98
1168 2544 1235 2587 sq.
1264 2530 1482 2587 peculiari
1512 2532 1754 2587 scriptione
1781 2531 1993 2575 refellere
2024 2539 2215 2576 conatus
2251 2535 2309 2576 sit
2337 2534 2471 2590 idque
2498 2533 2538 2575 ei
2569 2531 2789 2574 communi

311 2612 411 2656 fere
445 2614 677 2654 doctorum
705 2613 900 2654 virorum
930 2610 1095 2653 iudicio
1125 2610 1318 2653 feliciter
1349 2612 1548 2654 cessisse
1581 2612 1778 2654 dicatur:
1808 2626 1977 2670 operae
2003 2614 2192 2669 pretium
2219 2613 2393 2655 videtur
2423 2626 2551 2666 8558,
2590 2613 2687 2656 8ἰιι5
2714 2625 2785 2654 ar-

311 2700 525 2751 gumenta
556 2694 810 2735 accuratius
842 2692 1125 2747 examinare,
1163 2699 1209 2734 ut
1237 2693 1341 2734 inde
1371 2692 1502 2735 simul
1531 2692 1798 2750 intelligatur
1829 2706 1960 2751 quam
1990 2699 2121 2736 caute
2151 2694 2206 2736 de
2234 2692 2420 2735 aliorum
2459 2692 2559 2735 aliis
2595 2694 2639 2735 in
2672 2692 2784 2734 locis

311 2779 471 2814 contra
501 2770 745 2813 Bentleium
779 2770 1153 2826 disputationibus
1192 2771 1475 2813 iudicandum
1513 2772 1584 2815 sit.
1650 2773 1843 2815 Primum
1883 2780 2031 2815 autem
2067 2775 2253 2829 opponit
2289 2773 2524 2816 lacobsius
2556 2773 2601 2815 S.
2632 2772 2786 2827 Augu-

311 2851 415 2894 stini
447 2849 696 2906 isidorique
727 2849 982 2892 testimonia
1012 2863 1126 2903 quos
1157 2848 1452 2905 vulpecula
1479 2850 1647 2906 legisse
1677 2859 1878 2908 apparet.
1936 2852 2069 2901 Quod
2098 2866 2188 2895 non
2211 2852 2479 2895 morabimur
2495 2865 2627 2909 quum
2647 2863 2785 2906 supra

311 2930 620 2980 docuerimus,
658 2928 776 2971 nullo
803 2928 1080 2984 grammatici
1109 2927 1279 2971 aliusve
1310 2930 1542 2985 scriptoris
1585 2931 1686 2975 loco
1719 2940 1843 2975 certo
1879 2947 2016 2988 posse
2048 2933 2218 2984 evinci,
2256 2939 2422 2976 textum
2451 2932 2622 2975 Horatii
2652 2931 2783 2975 alium

309 3010 452 3055 fuisse
484 3024 618 3067 quam
648 3024 776 3066 quem
808 3024 891 3053 nos
919 3010 1154 3052 habemus.
1213 3010 1327 3052 Nam
1357 3023 1620 3067 quamquam
1651 3011 1965 3065 Hieronymum
1994 3021 2038 3054 et
2065 3012 2265 3054 ditiorem
2288 3019 2331 3054 et
2360 3012 2485 3055 libris
2508 3012 2782 3055 ethnicorum

309 3092 641 3135 instructiorem
671 3091 716 3132 in
745 3090 886 3147 iisque
923 3090 1219 3134 versatiorem
1260 3104 1390 3147 quam
1425 3091 1720 3148 Augustinum
1766 3090 1908 3135 fuisse
1945 3100 2071 3136 certo
2102 3091 2296 3145 scimus,
2335 3099 2483 3136 tamen
2514 3108 2603 3135 non
2638 3092 2677 3135 is
2714 3099 2784 3135 est

309 3172 568 3230 Hieronymi
597 3173 730 3215 locus
761 3185 788 3214 a
815 3171 1015 3215 Bentleio
1043 3173 1088 3214 in
1117 3171 1327 3214 auxilium
1363 3179 1577 3228 vocatus,
1613 3180 1661 3215 ut
1697 3173 1799 3215 inde
1835 3186 2030 3216 necesse
2061 3186 2166 3216 esse
2204 3181 2443 3230 appareat,
2480 3172 2782 3217 nitedulam

308 3255 365 3297 ab
398 3253 666 3310 Hieronymo
698 3252 743 3294 in
774 3250 944 3294 Horatii
976 3252 1136 3295 codice
1164 3252 1327 3295 lectam
1356 3266 1489 3306 esse,
1517 3254 1637 3310 quod
1668 3267 1723 3296 ne
1752 3252 1849 3296 veri
1881 3251 2023 3295 simile
2052 3252 2226 3309 quidem
2262 3254 2430 3307 iudico,
2465 3268 2597 3310 quum
2635 3255 2783 3298 omnia

305 3333 420 3376 haec
453 3333 602 3376 ulcera
633 3328 1152 3388 antiquiora‘videantur
1182 3342 1327 3389 quam*
1344 3346 1530 3389 quorum
1559 3333 1684 3389 origo
1715 3347 1743 3375 a
1772 3333 1903 3375 nobis
1929 3332 2134 3389 indagari
2163 3335 2318 3390 possit.
2379 3334 2525 3376 Vetus
2553 3341 2621 3377 est
2650 3335 2781 3391 igitur

305 3414 535 3471 mendum,
564 3421 611 3458 ut
640 3419 859 3459 sexcenta
889 3410 986 3456 alia.
1045 3411 1176 3462 Quod
1206 3412 1418 3471 deinceps
1449 3412 1631 3457 miratur
1659 3411 1915 3468 Iacobsius,
1941 3410 2149 3458 librarios
2171 3419 2361 3457 cunctos
2392 3413 2585 3471 ineptam
2621 3428 2781 3461 vocem
