3008 3764
1318 108 1666 167 „11-

268 281 433 336 noluit,
463 283 524 327 ita
557 282 745 327 calidius
780 295 924 339 agens
959 277 1192 323 brevitatis
1225 276 1417 319 studium
1449 273 1683 318 non'satis
1729 277 1929 318 attendit.
1997 274 2148 319 Veluti
2193 291 2325 334 quum
2361 278 2411 321 C.
2453 279 2506 332 2,
2543 277 2597 323 16
2630 279 2727 335 pul-

271 363 378 405 chre
423 363 836 412 animadvertisset,
880 359 1015 402 otium
1064 357 1185 416 quod
1224 364 1355 412 roget
1395 355 1547 397 navita
1591 355 1711 397 aliud
1769 370 1875 398 esse
1918 370 2050 413 quam
2094 357 2217 413 quod
2260 357 2451 414 sapienti
2493 357 2657 401 homini
2701 371 2729 400 a

271 443 352 485 diis
392 444 694 501 exoptandum
729 446 879 491 esset,
912 438 988 481 ubi
1015 438 1106 480 hoc
1145 450 1174 479 a
1206 443 1346 494 poeta
1380 437 1614 494 expressis
1644 437 1796 480 verbis
1832 436 2075 494 significari
2101 450 2201 481 «non
2230 437 2363 491 vidit,
2399 438 2623 483 excidisse
2650 437 2727 482 ali—

273 523 375 580 quid
406 520 724 581 pronuntiavit.
794 515 960 560 Verbis
1000 522 1149 561 autem
1177 516 1327 559 inter
1360 515 1606 561 miseros
1650 514 1929 561 tumultus
1964 517 2165 561 mentis
2203 531 2531 575 praeparamur
2569 527 2613 561 et
2649 519 2726 563 ad-

269 616 525 656 monemur,
560 599 694 647 alium
721 610 842 641 nunc
872 596 949 642 otii
981 594 1277 656 significatum
1311 596 1434 655 tangi
1469 603 1605 655 atque
1640 603 1789 642 antea.
1860 596 2057 652 Deinde,
2102 598 2225 657 quod
2255 599 2299 642 in
2337 613 2393 643 eo
2425 599 2521 644 iure
2555 601 2725 645 mireris

270 691 435 742 poetae
465 677 879 737 interpretationem
914 691 1005 721 non
1039 684 1129 722 tam
1162 675 1372 722 sollerter
1401 690 1457 721 ac
1487 678 1681 723 debebat
1717 690 1773 722 ex
1802 677 1902 736 ipso
1939 685 2076 736 poeta
2112 685 2272 737 petere
2307 679 2468 725 studet.
2507 678 2555 725 C.
2590 680 2639 734 1,
2675 679 2724 724 7:

269 765 356 810 Me
400 775 505 807 nec
543 766 651 804 tam
686 759 914 817 patiens
953 759 1352 804 Lacedaemon
1393 758 1439 803 in
1483 758 1705 803 adiectivo
1734 758 1918 802 offendit
1953 759 2150 815 quidem,
2196 774 2420 818 spernens
2458 762 2616 817 opinor
2645 777 2725 805 no-

270 852 465 889 strorum
499 840 717 885 editorum
750 839 966 897 ineptias,
1012 837 1239 896 epitheton
1282 851 1404 881 mere
1448 853 1613 882 ornans
1653 855 1760 883 esse
1805 840 2161 895 balbutientium,
2202 856 2360 885 verum
2404 857 2488 899 pro
2535 842 2726 900 eleganti

272 937 360 980 quo
396 920 538 979 pollet
564 920 725 963 iudicio
762 922 819 963 ab
858 919 1194 977 Oudendorpii‚
1239 919 1408 977 egregii
1444 920 1525 963 viri
1569 920 1651 964 sed
1693 920 1739 964 in
1777 921 2062 964 emendandis
2092 922 2238 978 poetis
2278 920 2416 979 paulo
2453 920 2725 976 infelicioris,

272 1002 532 1045 coniectura
565 1001 779 1058 spatiis
814 1015 860 1056 p.
891 1000 1119 1055 patiens
1149 1012 1388 1041 assensum
1420 999 1597 1043 cohibet
1632 1015 1774 1043 suum.
1846 997 2020 1045 Oblitus
2057 1008 2202 1044 autem
2238 1008 2331 1055 est,
2379 1002 2499 1058 quod
2532 1001 2727 1044 similiter

270 1080 482 1125 Horatius
517 1078 748 1123 imbelle
785 1079 1087 1122 Tarentum
1117 1079 1225 1121 dixit
1256 1079 1310 1121 E.
1348 1079 1398 1132 1,
1431 1079 1482 1132 7,
1516 1079 1587 1122 45.
1623 1087 1828 1123 veterum
1874 1089 2123 1137 temporum
2160 1081 2321 1123 famam
2366 1082 2423 1123 ad
2468 1083 2727 1138 praesentia

270 1160 504 1216 referens,
531 1168 579 1205 ut
613 1173 705 1202 non
733 1157 879 1202 solum
915 1173 943 1202 a
972 1152 1163 1203 naturali
1199 1158 1494 1217 pulcritudine
1528 1160 1613 1203 sed
1651 1160 1782 1203 etiam
1818 1174 1846 1203 a
1885 1173 2034 1203 rerum
2066 1168 2290 1218 gestarum
2323 1162 2539 1205 memoria
2565 1170 2726 1205 utrum-

273 1257 360 1299 que
393 1242 543 1285 locum
573 1240 919 1283 commendaret.
989 1240 1450 1284 Lacedaemoniorum
1485 1248 1633 1283 autem
1666 1242 1883 1298 patientia
1916 1255 2034 1298 pene
2064 1242 2107 1283 in
2129 1243 2413 1298 proverbium
2442 1242 2548 1285 abiit
2576 1256 2618 1284 v.
2638 1242 2727 1283 Ne·

273 1330 425 1379 potem
453 1321 498 1363 in
525 1319 671 1363 Alcib.
710 1319 788 1373 11,
821 1320 865 1361 4.
900 1319 1043 1377 Ages.
1062 1320 1103 1362 7.

497 1481 556 1523 Ut
589 1496 700 1524 vero
731 1482 1006 1534 omittamus,
1040 1482 1184 1525 virum
1217 1481 1647 1538 praestantissimum
1676 1481 1895 1523 interdum
1930 1493 2111 1524 errasse
2143 1494 2272 1538 quum
2308 1481 2470 1524 vitiosa
2505 1480 2729 1537 scriptura

273 1568 497 1613 uteretur,
525 1561 570 1603 id
606 1562 725 1618 quod
755 1561 796 1603 ei
829 1561 1051 1604 accidisse
1082 1560 1284 1604 dolemus
1318 1575 1364 1617 p.
1385 1559 1442 1602 67
1475 1560 1518 1602 in
1549 1558 1819 1617 Quintiliano
1866 1560 1952 1618 IX,
1987 1560 2038 1614 3,
2069 1560 2121 1603 18
2150 1561 2224 1604 ubi
2257 1567 2382 1603 recte
2410 1559 2575 1618 legitur
2610 1559 2730 1617 apud

274 1639 605 1699 Spaldingium:
664 1642 854 1696 „Potest
900 1642 1014 1684 enim
1061 1642 1225 1685 deesse
1271 1640 1458 1684 alterum
1502 1654 1619 1684 nam.
1671 1640 1729 1685 Et
1772 1643 1892 1700 apud
1927 1641 2157 1684 Horatium
2197 1640 2325 1683 illud:
2371 1640 2727 1697 Fabriciumque.

273 1721 404 1764 Hunc
438 1729 484 1765 et
513 1722 701 1766 intonsis
738 1721 916 1765 Curium
953 1721 1182 1779 capillis“‚
1219 1720 1470 1778 exemplum
1509 1721 1624 1764 enim
1659 1729 1731 1765 est
1764 1722 1937 1780 figurae
1976 1736 2091 1778 quae
2128 1722 2315 1764 abiectio
2354 1722 2534 1764 dicitur:
2578 1735 2636 1763 ne
2673 1721 2729 1763 ad

275 1801 584 1858 quaestionem
626 1802 802 1859 quidem
840 1816 953 1846 sane
993 1800 1327 1860 perdifficilem,
1366 1801 1501 1846 multo
1546 1801 1662 1845 enim
1706 1801 1990 1845 artificiosius
2031 1800 2204 1845 Catullo
2243 1801 2439 1845 Flaccus
2479 1801 2728 1858 peregrinis

277 1881 524 1925 domestica
564 1881 821 1936 immiscuit,
865 1897 910 1926 v.
943 1881 1149 1926 Estreum
1192 1882 1474 1939 Prosopogr.
1510 1880 1564 1924 H.
1596 1897 1642 1938 p.
1679 1880 1788 1935 523,
1842 1881 1953 1925 satis
2004 1881 2192 1924 animum
2238 1881 2491 1925 advertisse
2547 1881 2736 1933 videtur,

276 1975 392 2018 quae
429 1961 625 2004 carmina
660 1976 718 2004 ex
754 1961 944 2005 Graecis
975 1962 1168 2005 vertisse
1203 1961 1416 2005 Horatius
1449 1961 1590 2005 videri
1628 1962 1804 2005 debeat.
1878 1962 1980 2010 Qua
2023 1975 2073 2004 re
2121 1960 2286 2004 sactum
2332 1968 2427 2014 est,
2478 1967 2527 2003 ut
2572 1961 2611 2003 ei
2658 1974 2732 2003 res

275 2041 417 2083 minus
448 2039 639 2083 feliciter
675 2043 861 2084 cederet
877 2041 1073 2084 ultimam
1102 2041 1335 2099 stropham
1365 2040 1570 2085 carminis
1608 2038 1648 2084 Ο
1668 2040 1833 2085 navis
1869 2039 2129 2084 referent
2164 2046 2248 2084 etc.
2281 2039 2482 2098 spuriam
2510 2039 2735 2094 iudicanti,

278 2123 398 2179 quod
429 2124 646 2181 integrum
676 2136 732 2165 ex
768 2123 942 2167 Alcaeo
974 2123 1164 2182 sumpsit
1192 2121 1450 2167 Venusinus
1476 2127 1620 2167 vates.
1672 2120 1867 2165 Maxime
1897 2128 2045 2165 autem
2082 2120 2212 2165 dubia
2248 2126 2292 2164 et
2325 2118 2500 2165 lubrica
2535 2134 2611 2165 res
2652 2127 2735 2174 est,

275 2203 350 2245 ubi
385 2203 531 2245 omnia
566 2204 624 2244 ad
654 2203 801 2261 pulcri
835 2216 1020 2247 sensum
1047 2203 1311 2247 revocanda
1346 2208 1474 2256 sunt,
1503 2201 1575 2259 qui
1610 2200 1772 2245 saltem
1805 2214 1860 2244 ex
1897 2209 2026 2260 parte
2060 2200 2171 2245 alius
2192 2200 2277 2245 alio
2297 2207 2501 2258 tempore
2524 2201 2731 2258 apudque

277 2282 391 2327 alios
426 2296 532 2327 esse
568 2282 698 2327 solet.
769 2282 962 2327 Accedit
996 2284 1117 2341 quod
1160 2297 1486 2341 saepenumero
1524 2282 1706 2327 evenire
1751 2282 1893 2334 solet,
1936 2290 1983 2326 ut
2033 2282 2209 2340 singula
2245 2283 2387 2326 videri
2422 2283 2602 2339 possint
2640 2283 2732 2324 iure

276 2363 523 2421 vituperari
551 2371 778 2420 totumque
807 2363 1088 2408 nihilominus
1124 2363 1322 2422 placeat.
1394 2363 1529 2407 Cuius
1563 2362 1630 2406 r'ei
1663 2363 1837 2421 insigne
1870 2362 2121 2421 exemplum
2155 2364 2344 2420 praebet
2359 2361 2528 2406 Fronto
2553 2364 2608 2405 de
2635 2376 2733 2406 ora-

275 2443 429 2487 tionib.
460 2443 491 2486 l.
526 2444 563 2487 Π
597 2460 642 2501 p.
671 2443 755 2486 249
790 2444 861 2487 ed.
880 2444 944 2487 M.
982 2443 1049 2487 sic
1086 2445 1142 2487 ‹le
1177 2444 1350 2487 Lucani
1385 2444 1616 2501 prooemio
1655 2444 1912 2501 disputans:
1946 2445 2022 2497 „Is
2057 2444 2175 2486 initio
2213 2443 2419 2487 carminis
2457 2444 2525 2487 sui
2562 2451 2734 2501 septem

277 2523 428 2581 primis
463 2524 672 2568 versibus
708 2523 813 2566 nihil
848 2523 966 2567 aliud
1004 2538 1135 2581 quam
1176 2523 1334 2568 bella
1366 2524 1495 2582 plus
1536 2538 1694 2581 quam
1737 2524 1929 2568 civilia
1972 2525 2289 2582 interpretatus
2335 2531 2419 2567 est.
2490 2524 2620 2566 Nunc
2647 2523 2735 2566 hoc

276 2602 467 2660 replicat
502 2611 609 2660 quot
644 2603 900 2647 sententiis!
961 2605 1171 2661 Iusque
1223 2605 1407 2648 datum
1450 2604 1671 2648 sceleri
1716 2619 1807 2647 una
1853 2606 2074 2648 sententia
2115 2612 2197 2647 est.
2269 2606 2325 2647 In
2370 2618 2474 2647 sua
2511 2604 2734 2647 victrici

281 2695 617 2726 conversum
644 2684 902 2736 viscera,
936 2683 1025 2727 iam
1058 2683 1177 2727 haec
1212 2684 1355 2727 altera
1391 2693 1473 2728 est.
1546 2684 1954 2744 Cognatasque
1990 2685 2174 2738 acies,
2209 2685 2343 2727 tertia
2377 2683 2493 2727 haec
2531 2685 2623 2726 erit.
2678 2684 2735 2725 ln

280 2777 567 2806 commune
595 2764 787 2818 nefas,
824 2772 1027 2820 quartum
1045 2773 1259 2809 numerat.
1292 2765 1647 2823 Infestisque
1674 2766 1843 2809 obvia
1874 2766 2080 2823 signiS‚
2111 2764 2312 2822 appellat
2332 2779 2510 2823 quoque
2531 2765 2734 2821 quintam.

281 2840 478 2898 Signa,
528 2856 699 2899 pares
757 2844 1009 2901 aquilas,
1060 2853 1192 2889 sexta
1234 2846 1350 2890 haec
1405 2846 1611 2889 Herculis
1663 2859 1891 2889 aerumna.
1960 2845 2025 2888 Et
2084 2844 2201 2902 pila
2252 2845 2529 2889 minantia
2576 2844 2736 2901 pilis:

280 2921 496 2978 septima,
531 2922 587 2963 de
621 2922 778 2981 Ajacis
813 2932 942 2968 scuto
981 2926 1166 2970 corium.
1238 2926 1427 2970 Annaee
1464 2927 1560 2984 quis
1598 2925 1699 2970 finis
1736 2925 1889 2968 erit?“
1961 2924 2095 2975 Quod
2136 2926 2266 2970 crisis
2305 2941 2448 2985 genus
2485 2924 2737 2982 quicunque

279 3000 403 3045 volet
431 3009 670 3056 exerceat,
713 3005 847 3047 modo
892 3019 950 3047 ne
992 3006 1096 3049 inde
1142 3007 1197 3049 de
1235 3014 1421 3050 auctore
1459 3007 1761 3050 coniecturam
1799 3004 1958 3058 faciat,
2000 3005 2118 3061 quod
2158 3007 2342 3063 saepius
2389 3006 2547 3049 accidit
2584 3004 2738 3047 Peerl—

283 3081 447 3138 kampo
476 3081 550 3137 qui
581 3082 789 3139 quicquid
824 3084 911 3141 ipsi
950 3084 1218 3142 displicebat
1242 3085 1425 3129 Horatio
1460 3087 1683 3144 indignum
1719 3098 1824 3129 esse
1862 3085 2155 3128 existimabat.
2194 3085 2243 3130 C.
2276 3086 2326 3140 1,
2361 3086 2413 3138 2,
2448 3084 2495 3127 9:

842 3164 1036 3207 Piscium
1053 3173 1114 3208 ·et
1149 3178 1321 3209 summa
1355 3180 1497 3225 genus
1526 3165 1673 3209 haesit
1706 3164 1824 3208 ulmo

284 3242 433 3286 fateor
466 3242 701 3300 imaginem
734 3241 854 3284 hanc
898 3257 955 3286 ne
998 3244 1100 3287 mihi
1144 3246 1318 3302 quidem
1361 3247 1594 3290 admodum
1638 3244 1824 3303 placere
1871 3245 1953 3288 sed
2000 3243 2229 3288 serendam
2272 3256 2438 3287 censeo
2474 3256 2565 3286 non
2601 3244 2740 3300 magis

289 3336 421 3380 quam
451 3335 621 3365 curas
652 3320 921 3379 laqueata
958 3323 1166 3368 circum
1200 3331 1354 3370 tecta
1386 3325 1656 3371 volantes
1693 3331 1770 3370 aut
1805 3324 1859 3368 de
1897 3323 2099 3369 Caesare
2133 3323 2179 3368 S.
2202 3324 2243 3378 ἱ),
2273 3324 2311 3378 1,
2347 3322 2425 3367 ⁶20:
2463 3322 2561 3369 Cui
2597 3322 2740 3368 male

282 3405 333 3447 si
383 3402 655 3461 palpem,
705 3402 1051 3447 recalcitrat
1102 3406 1352 3463 undique
1403 3412 1556 3451 tutus
1610 3413 1688 3450 aut
1733 3405 1852 3462 apud
1887 3403 2134 3463 Vergilium
2178 3404 2290 3447 Aen.
2327 3403 2389 3447 IX
2430 3403 2591 3448 Amata
2629 3402 2741 3448 Ceu

2180 3496 2240 3537 2.
