3008 3764
156 254 319 289 Serenus

168 312 343 348 Samoni-

207 384 286 407 cus.

596 247 739 290 Poeta
768 245 891 289 haud
918 247 1167 306 inelegans,
1198 250 1281 291 sed
1314 250 1443 292 cuius
1473 257 1624 293 textus
1655 265 1776 295 nunc
1804 254 1971 297 misere
2000 259 2251 310 corruptus.
2274 254 2479 297 studiosa
2508 254 2742 303 Horatium
2769 260 2862 304 imi-

367 336 486 372 tatus
529 334 622 380 est,
664 327 785 385 quod
829 340 919 370 non
955 327 1070 387 fugit
1103 327 1352 372 Bentleium
1392 328 1448 371 ad
1480 329 1528 374 S.
1554 328 1602 383 2,
1630 329 1680 384 6,
1709 330 1777 375 64.
1838 331 1977 379 Cuius
2005 332 2259 390 imitationis
2301 339 2513 392 quantum
2555 333 2861 392 plenissimum

368 416 528 465 potero
560 407 679 451 dabo
712 415 1019 464 conspectum.
1984 419 1986 421 ·

594 486 650 532 V.
679 485 751 532 35.
809 486 980 539 Quum
1015 493 1178 544 caput
1208 487 1466 532 immensa
1497 500 1689 545 pexum
1720 489 2006 547 porrigine
2035 491 2214 551 ningit
2243 517 2289 538 =
2321 492 2367 539 S.
2395 492 2447 547 2,
2474 491 2525 546 3,
2557 492 2661 538 125:
2702 507 2861 552 caput

367 569 588 625 impexa
627 566 847 611 foedum
894 566 1193 624 porrigine.

593 661 637 691 v.
667 647 736 692 74.
795 645 986 690 lllotus
1024 646 1193 690 sudor
1228 646 1317 689 vel
1362 647 1527 705 copia
1568 645 1781 691 inutilis
1820 661 2011 701 escae3
2050 650 2118 695 sic
2149 651 2265 696 enim
2293 652 2577 697 scribendum
2610 667 2710 698 oum
2740 655 2860 699 avito

367 730 398 774 l.
429 727 683 774 Keuchenii
710 731 837 785 (nam
867 728 1068 773 varietas
1097 726 1304 773 lectionis
1342 728 1400 772 ab
1439 727 1611 773 Orellio
1648 734 1859 773 enotatae
1902 744 1993 774 non
2038 731 2097 774 ad
2138 746 2296 777 manus
2335 737 2433 791 est)
2473 750 2557 793 pro
2589 735 2741 793 inepto
2771 751 2860 779 no-

369 807 497 852 bilis
542 823 732 861 escae,
768 808 891 866 quod
925 821 1043 850 nunc
1081 806 1126 849 in
1162 813 1289 849 textu
1328 815 1412 850 est.
1472 806 1692 850 Inutilis
1730 817 1876 852 autem
1906 825 1951 868 p.
1986 812 2182 856 noxius
2218 822 2370 857 amant
2399 830 2569 872 ponere
2601 817 2785 860 Ovidius
2815 825 2860 859 et

376 889 541 934 Celsus
572 888 852 946 praeivitque
880 886 938 934 H.
972 886 1021 932 C.
1048 886 1100 940 3,
1130 886 1214 942 24,
1244 886 1303 930 48
1330 885 1532 930 inutile
1575 902 1773 933 aurum.

595 984 636 1013 v.
662 967 732 1011 80.
762 967 853 1012 Sic
881 968 1137 1025 pavidum
1169 982 1376 1025 corpus
1405 967 1598 1011 dextra
1628 977 1892 1027 parcente
1922 969 2115 1015 faveto
2144 996 2197 1018 =
2225 972 2281 1016 Η.
2308 971 2857 1027 C.3,19,21:Parcen·

371 1055 458 1094 t'es
504 1063 606 1106 ego
646 1048 965 1108 dexteras!
1004 1049 1103 1093 Odi.

596 1145 640 1173 v.
670 1129 742 1172 82.
815 1131 1050 1187 patiens
1084 1128 1329 1172 formica
1362 1128 1618 1170 laborum
1645 1144 1697 1167 =
1727 1129 1774 1170 S.
1807 1131 1857 1183 1,
1895 1131 1945 1184 1,
1980 1131 2036 1174 33
2065 1133 2251 1190 magni
2287 1127 2533 1189 formica
2565 1134 2804 1180 laboris.

595 1225 639 1254 v.
677 1209 773 1253 108.
841 1209 1118 1253 'Eximium
1153 1209 1367 1267 capitis
1403 1216 1562 1251 tactu
1600 1209 1814 1268 deiecit
1846 1210 2134 1254 honorem.
2167 1211 2356 1271 Corrige
2393 1197 2451 1257 ex
2477 1214 2724 1258 Keuchenii
2755 1217 2856 1259 cod.

372 1291 639 1335 decussit
674 1291 926 1334 secundum
955 1289 1019 1333 H.-
1042 1290 1127 1348 Ep.
1168 1289 1247 1343 11,
1279 1288 1331 1331 6:
1368 1288 1535 1332 silvis
1573 1290 1790 1334 decutit
1823 1289 2110 1335 honorem.

596 1386 640 1415 v.
669 1371 766 1414 154.
839 1370 1122 1429 Sepiolae
1156 1370 1390 1413 cineres
1429 1383 1495 1411 ex
1527 1370 1766 1414 ossibus
1798 1371 1981 1415 omnia
2009 1371 2223 1416 levant.

596 1450 673 1494 Sic
710 1452 781 1494 ed.
850 1449 1225 1503 Ackermannus,
1260 1450 1421 1491 nescio
1462 1450 1595 1492 unde.
1640 1449 1871 1494 Keuchen.
1940 1452 2027 1496 ita:
2083 1451 2357 1508 „tollunt,
2413 1453 2545 1497 etiam
2585 1455 2631 1499 in
2683 1454 2855 1502 calamo

372 1540 561 1578 exarato
599 1532 840 1590 scriptum:
873 1532 995 1589 quod
1036 1530 1174 1588 vulgo
1212 1530 1270 1573 ad
1307 1543 1433 1573 oram
1462 1538 1666 1574 sanant
1707 1530 1894 1590 legitur,
1936 1533 2140 1591 glossam
2179 1533 2317 1578 olet.“
2387 1531 2597 1579 Varietas
2641 1542 2747 1581 nata
2792 1537 2857 1581 vi-

371 1613 503 1658 detur
540 1627 596 1657 ex
631 1611 686 1655 H.
727 1626 833 1671 epp.
870 1611 928 1667 2,
962 1610 1014 1666 2,
1044 1609 1150 1655 123:
1222 1609 1467 1654 Levabit
1512 1610 1694 1666 cultu,
1738 1612 1955 1657 virtute
2000 1613 2260 1659 carentia
2302 1611 2488 1658 tollet.

594 1708 637 1736 v.
667 1692 766 1736 254.
931 1690 1074 1735 Hinc
1107 1697 1364 1734 tractato
1395 1689 1602 1743 locum,
1636 1691 1821 1735 miram
1858 1693 2163 1750 experiere
2198 1692 2473 1737 medelam

937 1770 1047 1815 Aut
1089 1778 1145 1814 tu
1184 1784 1338 1814 sume
1383 1769 1568 1828 pilam.

599 1851 655 1896 cl.
693 1850 801 1894 858:
872 1850 1077 1894 Erucis
1114 1857 1208 1893 aut
1254 1851 1302 1893 si
1340 1858 1501 1893 totos
1549 1852 1896 1906 perduxeris
1933 1859 2095 1896 artus
2139 1879 2193 1884 —
2231 1853 2342 1897 Aut
2376 1860 2433 1897 tu
2473 1854 2714 1897 cervina
2751 1869 2854 1910 per

369 1941 596 1976 noctem
631 1931 682 1973 in
728 1929 887 1987 pelle
935 1931 1213 1987 quiesces
1263 1938 1308 1971 et
1342 1945 1385 1972 v.
1417 1929 1472 1971 35
1503 1937 1597 1972 aut
1632 1937 1687 1971 tu
1724 1948 1769 1966 =
1808 1930 1857 1974 C.
1897 1931 1945 1984 1,
1975 1932 2028 1986 9,
2068 1932 2144 1974 16:
2214 1933 2333 1976 Nec
2377 1933 2581 1977 dulces
2631 1948 2853 1978 amores

359 2026 587 2071 sperne
632 2025 777 2069 puer
821 2008 828 2066 Ι
869 2011 1064 2067 Neque
1110 2018 1165 2052 tu
1212 2010 1483 2062 choreas,
1524 2018 1568 2051 et
1602 2012 1662 2052 ita
1693 2009 1834 2067 Verg.
1871 2012 1927 2053 A.
1967 2011 2043 2064 12,
2084 2011 2178 2054 158.

597 2107 640 2134 v.
677 2092 777 2134 317.
850 2090 1098 2133 Puleium
1151 2104 1375 2146 quoque
1424 2091 1724 2131 decoctum
1769 2092 1998 2133 curabit
2043 2093 2218 2134 amice
2253 2114 2305 2134 =
2336 2092 2390 2135 H.
2426 2093 2476 2136 G.
2514 2094 2566 2147 2,
2600 2094 2629 2136 3
2663 2094 2853 2151 Angu-

370 2182 512 2218 stam
548 2173 725 2216 amice
761 2171 1091 2229 pauperiem
1125 2171 1246 2228 pati
1283 2177 1326 2213 et
1361 2183 1432 2228 ep.
1464 2170 1521 2213 ad
1549 2170 1639 2213 Pis.
1677 2171 1945 2215 coniurat
1984 2172 2163 2216 amice
2190 2172 2290 2215 411.

592 2267 636 2297 v.
674 2250 784 2296 352:
856 2251 991 2296 Post
1019 2258 1243 2310 partum
1279 2251 1522 2296 tumidas
1560 2251 1770 2296 iniuste
1803 2266 2119 2311 assurgere
2155 2267 2412 2298 mammas
2452 2243 2585 2298 ='E.
2621 2253 2672 2308 2,
2705 2255 2744 2308 1,
2775 2255 2852 2300 75:

368 2334 584 2377 Iniuste
612 2339 753 2376 totum
790 2333 912 2376 ducit
937 2332 1180 2388 venditque
1207 2344 1385 2389 poema.

592 2427 636 2456 v.
672 2411 780 2456 392:
852 2411 909 2455 Si
951 2412 1102 2456 latus
1145 2412 1475 2455 immeritum
1511 2414 1707 2456 morbo
1745 2421 2008 2458 tentatur
2044 2422 2214 2459 acuto
2252 2434 2300 2454 =
2338 2414 2386 2460 S.
2423 2414 2474 2467 2,
2507 2413 2693 2467 3,165:
2733 2418 2851 2472 quod

367 2495 524 2539 latus
566 2500 641 2537 aut
682 2507 821 2536 renes
867 2494 1060 2536 morbo
1108 2499 1406 2535 tentantur
1452 2499 1637 2535 acuto.
1666 2493 1721 2536 cl.
1758 2494 1810 2538 E.
1852 2495 1901 2548 l,
1935 2495 1987 2549 6,
2022 2495 2093 2539 28.

385 2631 387 2633 ¹
594 2588 637 2616 v.
669 2572 777 2615 470:
846 2573 912 2615 Et
948 2573 1288 2616 documenta
1321 2572 1474 2615 dedit
1508 2572 1675 2615 nobis
1711 2582 2041 2630 prostratus
2079 2575 2255 2619 Orion
2292 2591 2339 2611 =
2373 2574 2422 2618 C.
2444 2574 2487 2627 3,
2515 2575 2559 2627 4,
2594 2574 2647 2617 71
2679 2572 2852 2619 Orion

376 2680 430 2686 —
471 2653 743 2710 virginea
787 2653 1032 2696 domitus
1071 2652 1303 2709 sagitta.

595 2748 638 2775 v.
674 2731 782 2775 499:
853 2733 1085 2776 Crescit
1128 2731 1384 2789 hydrops
1420 2749 1471 2771 =
1507 2732 1556 2776 C.
1588 2733 1639 2785 2,
1680 2732 1731 2785 2,
1763 2733 1841 2783 13;
1887 2734 1943 2776 ib.
1980 2733 2063 2776 502
2097 2734 2359 2777 miseram
2394 2733 2602 2791 pellem
2638 2751 2691 2775 =
2726 2735 2774 2778 S.
2810 2736 2853 2790 2,

368 2814 502 2868 3,29
547 2813 756 2856 lateris
803 2814 999 2856 miseri
1046 2813 1341 2870 capitisve
1383 2813 1599 2856 dolore.

594 2908 638 2936 v.
673 2893 780 2936 512:
817 2893 1005 2951 Atque
1034 2894 1152 2937 olei
1189 2907 1327 2937 suco
1363 2893 1654 2937 refricant
1689 2889 1780 2955 (sic
1812 2894 1928 2936 enim
1946 2908 2037 2937 scr.
2070 2907 2110 2936 e.
2150 2892 2504 2937 cod.Keuchen.
2537 2895 2852 2955 vitiosevulgo

368 2974 655 3030 refricat)
702 2974 958 3018 albentia
1002 2976 1248 3018 membra
1282 2992 1329 3012 =
1361 2974 1488 3028 C.2‚
1525 2974 1577 3027 2,
1622 2973 1701 3026 15,
1748 2988 2005 3030 aquosus
2055 2973 2180 3018 albo
2223 2967 2230 3025 1
2273 2973 2535 3032 Corpore
2582 2974 2854 3034 languor,

372 3055 751 3113 quemadmodum
779 3070 821 3098 v.
850 3055 957 3098 517:
1029 3055 1291 3114 Unguine
1336 3071 1442 3113 quo
1487 3053 1707 3111 frangit
1745 3055 1904 3099 vires
1952 3054 2260 3113 languoris
2306 3055 2520 3112 aquosi.

594 3151 640 3179 v.
672 3134 782 3178 519:
852 3135 1088 3180 Potibus
1138 3145 1233 3181 aut
1281 3138 1435 3181 duris
1481 3135 1764 3179 restricta
1805 3135 2118 3179 morabitur
2159 3133 2327 3177 alvus
2358 3150 2412 3174 =
2443 3133 2490 3178 S.
2521 3134 2572 3188 2,
2609 3135 2660 3188 4,
2706 3134 2763 3176 27
2798 3132 2852 3178 Si

370 3217 510 3259 dura
553 3215 871 3259 morabitur
916 3216 1109 3262 alvus.l
2488 3268 2492 3272 ,

594 3310 639 3339 v.
685 3294 795 3339 533:
868 3295 1139 3354 Corruptum
1194 3304 1264 3342 est
1314 3298 1433 3355 quod
1487 3296 1672 3355 legitur:
1745 3295 2025 3352 Quodque
2074 3296 2220 3340 satis
2271 3294 2476 3339 melius
2529 3294 2728 3338 verbis
2776 3295 2853 3339 di-

369 3389 563 3418 cemus
599 3374 815 3419 Horati.
