3008 3764
108 2307 254 2343 Livium

286 269 558 326 quondam
593 275 750 311 torto
787 266 1042 312 volitans
1078 268 1184 310 sub
1219 267 1475 310 verbere
1511 269 1681 311 turbo
1728 294 1781 299 —·
1823 269 1931 312 Per
1964 267 2180 311 medias
2223 268 2396 311 urbes
2441 271 2632 326 agitur
2659 289 2760 331 po-

285 349 566 406 pulosque
610 347 863 392 feroces.
935 339 991 390 Et
1034 346 1177 390 simile
1225 346 1329 402 quid
1366 343 1526 390 Ovidio
1566 347 1735 403 placuit
1770 361 1797 391 a
1833 347 2014 392 Seneca
2048 348 2104 391 N.
2123 346 2251 400 Q.3,
2286 346 2342 389 27
2375 332 2496 391 hanc
2525 348 2668 404 ipsam
2699 354 2758 396 ob

283 426 596 469 luxuriantiam
631 426 939 483 reprehenso:
991 424 1098 468 Nat
1132 425 1303 481 lupus
1343 424 1496 467 inter
1534 436 1698 477 oves,
1734 424 1931 471 fulvas
1976 427 2135 470 vehit
2177 428 2322 470 unda
2356 426 2580 470 leones.
2652 430 2758 474 Inde

283 515 431 549 autem
474 508 596 563 quod
637 505 819 549 Seneca
864 504 1096 558 Ovidium,
1143 518 1233 547 non
1278 503 1511 547 Horatium
1551 513 1896 558 commemorat,
1943 506 2160 564 colligere
2204 506 2446 550 Horatiana
2489 506 2760 563 interpolata

283 601 413 640 esse,
447 588 494 629 id
531 588 652 644 quod
686 584 1017 641 Peerlkampus
1053 583 1185 637 fecit,
1230 583 1516 627 temerarium
1556 582 1732 625 videtur
1765 586 2036 639 praesertim
2081 600 2215 642 quum
2250 585 2548 644 philosophus
2585 586 2758 628 artibus

285 668 515 711 Ovidianis
554 665 842 710 vehementer
886 663 1191 707 delectaretur
1234 679 1279 707 v.
1313 662 1653 721 Bernhardyum
1699 662 1754 705 H.
1792 663 1845 705 L.
1878 664 1936 706 R.
1973 679 2018 706 n.
2050 665 2148 709 270.
2229 666 2428 725 Legerat
2480 666 2576 710 sine
2624 666 2757 709 dubio

282 747 465 791 Seneca
481 747 635 790 Flacci
655 758 798 803 opera
820 743 1070 801 legeritque
1101 744 1233 787 etiam
1263 757 1467 801 saepe,
1501 743 1544 786 id
1566 744 1686 800 quod
1707 743 1780 786 ille
1816 745 2070 798 contendit,
2102 759 2259 790 verum
2291 761 2382 791 non
2416 748 2479 792 ita
2506 747 2550 790 in
2586 745 2754 790 deliciis

282 826 504 881 habebat,
533 833 580 869 ut
614 825 709 869 iure
759 824 904 867 mirari
938 836 1135 881 posses,
1181 824 1394 867 omissam
1430 822 1525 865 eius
1570 822 1835 867 mentionem
1873 836 1928 867 eo
1959 822 2064 867 loco
2102 837 2231 879 esse,
2271 840 2359 883 quo
2395 840 2486 871 non
2522 833 2755 885 poetarum

285 922 483 952 censura
518 906 739 963 quaedam
775 904 1105 957 institueretur,
1140 905 1222 948 sed
1260 904 1315 946 de
1354 902 1503 946 diluvii
1533 909 1737 959 tempore
1775 909 2086 960 quaereretur.

506 1050 757 1095 Admodum
786 1057 933 1093 autem
962 1049 1090 1092 varia
1124 1048 1302 1091 omnino
1338 1047 1507 1090 Horatii
1544 1048 1757 1090 memoria
1792 1054 1837 1090 et
1866 1048 2047 1091 imitatio
2089 1055 2160 1092 est
2201 1050 2320 1107 apud
2360 1050 2611 1107 scriptores
2648 1060 2756 1110 post

285 1146 385 1177 eum
419 1129 661 1184 florentes,
696 1129 830 1174 modo
863 1141 969 1172 rara
998 1134 1043 1171 et
1077 1127 1249 1182 tenuis,
1285 1127 1418 1171 modo
1456 1125 1672 1185 frequens
1704 1134 1749 1172 et
1775 1126 2028 1172 manifesta.
2087 1127 2222 1173 Cuius
2257 1129 2322 1173 rei
2354 1142 2469 1188 quae
2491 1129 2753 1189 collegimus

285 1227 341 1256 ex
377 1218 576 1256 veterum
618 1208 815 1253 lectione
857 1207 1042 1252 assidua
1079 1207 1374 1260 documenta,
1419 1220 1505 1265 age
1544 1207 1634 1251 iam
1667 1205 1974 1265 proferemus,
2018 1208 2213 1253 resectis
2259 1215 2467 1266 quantum
2513 1209 2607 1254 eius
2656 1209 2754 1253 fieri

284 1290 425 1350 potuit
455 1303 567 1347 quae
605 1289 662 1333 ab
702 1287 945 1331 editoribus
977 1277 1144 1344 poetae
1180 1285 1369 1330 maxime
1392 1299 1419 1329 a
1454 1285 1760 1345 Peerlkampo
1795 1288 2041 1332 observata
2069 1287 2472 1334 animadvertimus.
2528 1289 2753 1340 Quemad‘

283 1374 458 1417 modum
495 1372 609 1414 enim
646 1370 689 1413 in
727 1368 1046 1413 venustissimo
1077 1368 1274 1411 carmine
1320 1367 1439 1425 quod
1485 1367 1607 1412 Ruth
1649 1368 1907 1413 inscribitur
1945 1369 2101 1426 spicas
2137 1367 2293 1427 legere
2337 1369 2381 1412 in
2418 1369 2541 1414 Boas
2579 1370 2751 1428 campis

283 1466 532 1497 messorum
562 1450 755 1508 vestigia
790 1462 911 1507 pone
944 1462 1144 1505 sequens
1181 1447 1360 1506 fingitur
1392 1448 1715 1505 pudentissima
1750 1449 1901 1507 virgo:
1932 1450 2000 1494 sic
2034 1464 2119 1494 nos
2143 1450 2411 1506 conquirere
2434 1451 2628 1507 undique
2648 1465 2751 1494 coe-

282 1534 424 1591 pimus
456 1545 572 1587 quae
608 1538 715 1587 post
749 1528 939 1572 Bentleii
973 1529 1163 1571 maxime
1202 1537 1246 1571 et
1282 1527 1568 1586 Peerlkampi
1603 1530 1751 1573 studia
1787 1544 1875 1573 non
1911 1544 2102 1588 prorsus
2132 1529 2297 1572 inutilia
2323 1530 2380 1573 ad
2401 1528 2617 1573 Venusini
2636 1531 2750 1574 vatis

283 1616 413 1659 crisin
449 1622 492 1656 et
526 1611 939 1671 interpretationem
971 1611 1267 1653 adiuvandam
1304 1618 1628 1667 poetarumque
1661 1625 1790 1653 usum
1814 1611 2070 1654 accuratius
2092 1612 2460 1668 cognoscendum
2480 1611 2751 1654 viderentur.

1120 2128 1437 2182 Prosarii
1493 2128 1903 2196 scriptores,

499 2296 770 2353 Alloquio
811 2296 858 2350 l,
890 2296 947 2339 34
982 2296 1038 2339 cl.
1075 2296 1127 2348 9,
1164 2296 1206 2338 6.
1244 2296 1325 2348 25,
1359 2296 1427 2337 24.
1475 2295 1539 2337 lta
1569 2295 1736 2352 primus
1772 2294 1881 2338 Hor.
1909 2294 1995 2353 Ep.
2018 2294 2095 2348 13,
2134 2294 2210 2338 18:
2248 2294 2494 2349 „deformis
2528 2296 2745 2354 aegrimo-

273 2376 375 2418 niae
412 2376 678 2419 dulcibus
715 2375 1045 2433 alloquiis.“
1118 2376 1246 2425 Quos
1280 2376 1483 2433 sequitur
1518 2373 1634 2417 Vell.
1667 2374 1762 2417 Pat.
1794 2374 1843 2428 2,
1881 2374 1962 2418 123
1999 2382 2043 2418 et
2079 2375 2218 2419 Tacit.
2238 2375 2294 2418 A.
2318 2376 2368 2427 l,
2403 2376 2480 2417 71:
2517 2384 2744 2428 „cunctos

272 2455 532 2512 alloquio
570 2464 614 2499 et
650 2470 761 2499 cura
804 2481 856 2487 —
900 2455 1152 2500 firmabat.“
1208 2456 1366 2499 Lucan
1403 2454 1481 2508 10,
1519 2454 1614 2497 174.
1665 2453 1903 2497 Valer.Fl.
1940 2455 1979 2508 l,
2009 2454 2089 2498 251
2129 2455 2397 2499 dulcibus
2443 2455 2742 2513 alloquiis.

272 2536 385 2579 Plin.
420 2549 490 2592 ep.
513 2536 654 2579 semel
684 2536 948 2592 alloquio
987 2544 1032 2578 et
1064 2537 1250 2593 saepius
1289 2536 1384 2579 eius
1423 2535 1592 2577 amicus
1630 2533 1778 2577 Silius.

498 2616 645 2658 Mala
680 2615 815 2659 libido
850 2616 897 2669 l,
932 2615 989 2658 57
1025 2623 1073 2659 ut
1107 2616 1159 2659 H.
1197 2615 1342 2658 mala
1378 2615 1555 2658 ambitio
1590 2622 1634 2657 et
1661 2614 1820 2658 similia
1848 2615 2121 2658 sexcenties.
2144 2613 2288 2657 Tacit.
2308 2614 2364 2657 A.
2386 2614 2438 2667 3,
2469 2614 2536 2657 26.
2592 2616 2745 2659 Mala

270 2695 526 2739 libidine.
595 2696 947 2751 Animusque
980 2694 1129 2738 mala
1166 2694 1474 2752 ferrugine
1510 2708 1684 2750 purus
1734 2695 1896 2737 eodem
1928 2695 2117 2751 sumpsit
2146 2701 2307 2737 auctor
2341 2708 2412 2751 ep.
2451 2696 2507 2738 ad
2544 2697 2633 2739 Pis.
2671 2697 2742 2739 95.

496 2774 609 2817 Hac
643 2784 768 2817 arte
802 2776 846 2817 in
882 2775 1030 2831 patria
1064 2775 1168 2818 steti
1203 2773 1246 2827 5,
1274 2774 1332 2817 44
1365 2791 1416 2811 =
1443 2773 1548 2816 hac
1585 2782 1708 2816 arte
1743 2773 1905 2816 Pollux
1942 2773 1991 2817 C.
2015 2773 2069 2825 3,
2104 2773 2156 2827 3,
2191 2773 2233 2816 9.

495 2876 703 2933 Speciem
739 2877 926 2936 agminis
958 2876 1190 2921 Gallorum
1225 2891 1309 2934 per
1345 2877 1583 2934 Tarpeiam
1617 2890 1775 2934 rupem
1818 2878 2157 2922 scandentis
2200 2877 2252 2931 6,
2290 2878 2342 2920 17
2375 2894 2428 2918 =
2472 2880 2573 2923 dum
2610 2881 2740 2939 Capi-

270 2958 420 3002 tolium
453 2959 703 3002 scandet
724 2986 740 2991 -
763 2957 966 3017 pontifex
1001 2957 1050 3003 C.
1081 2959 1124 3012 3,
1159 2959 1237 3013 30,
1272 2957 1301 3002 9
1330 2966 1374 3002 et
1408 2959 1469 3002 ita
1499 2957 1594 3002 Liv.
1624 2957 1670 3001 in
1703 2958 1861 3003 eadem
1894 2973 1946 3003 re
1976 2972 2172 3018 semper.
2193 2972 2236 3002 v.
2257 2957 2464 3004 Glossar.
2521 2961 2741 3019 Tarpeias

268 3042 551 3083 scandere
589 3041 629 3082 in
666 3054 797 3084 arces
833 3042 917 3085 Ov.
937 3055 1011 3099 ep.
1033 3055 1091 3083 ex
1119 3042 1167 3083 P.
1195 3042 1246 3093 2,
1284 3041 1333 3092 1,
1363 3040 1419 3083 57
1457 3048 1502 3083 et
1530 3039 1716 3097 saepius
1754 3041 1810 3083 de
1846 3039 2069 3099 Capitolio
2108 3047 2152 3082 et
2182 3039 2392 3098 Olympo.
2444 3040 2740 3099 Capitolia

268 3122 561 3164 scandere
604 3135 739 3163 curru
773 3122 945 3165 Lucan.
984 3121 1036 3175 9,
1068 3121 1167 3165 600.-
1240 3121 1822 3179 Tarpeias-scandatis
1862 3121 1968 3165 licet
2004 3120 2084 3164 Sil.
2121 3121 2170 3164 lt.
2206 3120 2258 3175 2,
2287 3121 2343 3165 34
2389 3123 2463 3180 qui
2497 3128 2739 3179 praeterea

266 3209 455 3257 usurpat
492 3202 547 3243 de
586 3214 754 3257 equo,
791 3202 987 3256 caelo,
1022 3201 1245 3245 flamma
1281 3203 1372 3257 (10,
1400 3202 1501 3246 466.
1530 3203 1598 3256 12,
1617 3202 1686 3244 71.
1711 3202 1788 3257 14,
1812 3198 1919 3264 310)
1957 3210 2001 3245 et
2028 3203 2157 3260 iugo
2197 3202 2266 3255 15,
2288 3203 2370 3246 231
2392 3211 2440 3246 ut
2458 3203 2735 3260 Propertius.

266 3280 447 3324 Manilio
479 3280 694 3324 familiare
732 3294 774 3323 v.
813 3296 855 3325 v.
893 3282 1043 3325 Iacob.
1068 3282 1117 3335 l,
1153 3282 1252 3324 277.

491 3384 547 3426 Ut
581 3385 702 3427 suis
731 3385 857 3441 ipse
887 3392 1100 3428 oneratus
1137 3385 1361 3428 viribus
1395 3394 1522 3429 ruat
1556 3386 1606 3440 6,
1638 3388 1690 3430 19
1726 3405 1771 3424 =
1803 3385 1857 3429 H.
1886 3386 1970 3444 Ep.
1995 3385 2137 3441 l6,2:
2170 3385 2300 3429 Suis
2347 3384 2562 3440 etipsa
2592 3385 2739 3430 Roma
