3008 3764
394 230 448 285 6,
477 229 562 276 388
597 242 808 287 aspera
849 235 902 272 te
940 224 1178 271 Pholoes
1219 241 1264 261 =
1299 224 1353 269 H.
1386 224 1435 270 C.
1470 224 1515 279 l,
1556 224 1637 280 33,
1678 224 1707 270 6
1733 224 1905 284 Cyrus
1945 225 1995 269 in
2037 238 2295 284 asperam
2332 226 2339 283 Ι
2376 224 2646 269 Declinat

175 311 439 357 Pholoen.
571 358 575 360 a

392 391 440 445 8,
468 390 554 435 867
581 386 833 433 Pulveris
864 385 1052 442 exigui
1080 404 1132 426 =
1161 385 1217 430 H.
1252 384 1302 430 C.
1334 385 1380 438 1,
1407 384 1489 440 28,
1520 384 1562 429 3.

396 481 462 534 10,
490 479 545 524 61
575 478 893 533 Iliacasque
924 475 1114 521 domos
1139 492 1186 513 =
1212 475 1266 519 H.
1296 473 1345 520 C.
1374 474 1412 528 1,
1441 474 1510 530 15,
1538 474 1615 519 36:
1660 475 1809 532 Ignis
1841 475 2043 519 Iliacas
2073 476 2260 522 domos
2290 475 2364 519 ubi
2397 473 2643 518 trochaeus

171 564 386 608 ferendus
416 570 501 606 est.
531 574 576 602 v.
606 557 835 601 Horatian.
866 572 911 614 p.
941 557 982 601 4.

392 664 441 707 1n
468 660 640 704 Lucani
669 659 842 703 scholia
874 658 1009 703 multa
1038 673 1096 702 ex
1123 659 1328 711 Acrone,
1356 659 1664 717 Porphyrione
1698 668 1742 703 et
1771 660 2134 704 Commentatore
2163 659 2382 703 translata
2410 667 2454 702 et
2485 672 2513 700 a
2542 657 2641 700 dili·

172 744 434 801 gentissimo
466 740 664 784 Webero
694 732 907 783 annotata
935 748 1062 792 sunt,
1102 739 1263 783 nullius
1293 747 1441 782 tamen
1471 740 1568 783 fere
1603 742 1749 783 bonae
1784 740 1950 798 frugis,
1993 740 2113 783 velut
2155 739 2311 783 Schol.
2348 737 2641 781 Berolinense

173 826 235 878 (v.
270 822 447 866 Weber.
476 835 519 878 p.
547 820 737 876 xxvi.)
796 818 1051 870 Quintilium
1080 821 1214 863 tradit
1244 834 1345 863 cum
1372 821 1556 863 Acrone
1590 827 1634 862 et
1663 821 1824 863 Servio
1855 819 2038 862 fratrem
2069 819 2260 879 Vergilii
2292 818 2448 861 fuisse.
2505 819 2639 860 Prae-

173 902 293 946 valet
325 901 441 943 enim
466 900 728 959 Hieronymi
757 900 1018 953 auctoritas,
1047 901 1236 943 amicum
1267 900 1537 957 appellantis
1566 907 1611 941 et
1627 900 1857 941 Sanadoni
1887 902 2107 942 sententia
2124 902 2255 942 trium
2283 913 2401 941 nunc
2420 912 2641 939 rumorem

171 980 447 1025 scholiorum
477 994 535 1024 ex
562 988 730 1037 poetae
758 980 935 1022 verbis:
978 978 1115 1022 nulli
1149 979 1398 1023 flebilior
1436 994 1591 1037 quam
1618 981 1717 1023 tibi
1746 980 1946 1025 fluxisse.

394 1084 481 1134 Qui
511 1098 644 1142 quum
669 1082 833 1140 alioqui
862 1082 1038 1139 longius
1068 1084 1254 1127 recedat
1283 1097 1310 1127 a
1340 1084 1490 1128 Flacci
1520 1098 1743 1137 sermone,
1773 1092 1893 1129 amat
1908 1085 2076 1141 pariter
2104 1092 2236 1142 atque
2268 1083 2343 1127 hic
2367 1082 2638 1139 singularem
2665 1091 2867 1128 Martiali..

171 1179 400 1208 numerum
415 1178 587 1221 ponere
610 1164 655 1206 in
682 1163 918 1207 vocabulis
946 1164 1207 1207 numerandi
1237 1165 1459 1208 notionem
1488 1165 1818 1209 continentibus
1847 1166 1983 1209 veluti
2012 1164 2226 1218 multus,
2258 1163 2524 1221 plurimus
2554 1171 2638 1207 etc.

170 1251 236 1290 lta
265 1246 414 1302 Epigr.
444 1246 496 1297 7,
524 1244 581 1286 53
610 1244 881 1301 plurimus
919 1242 1195 1287 elienses.
1226 1244 1379 1297 2,17.
1402 1245 1452 1301 5,
1485 1245 1547 1288 16.
1588 1246 1871 1289 innumero
1899 1245 1949 1299 8,
1981 1245 2037 1289 54
2063 1264 2114 1284 =
2142 1245 2199 1290 H.
2231 1244 2279 1289 C.
2314 1245 2359 1300 l,
2391 1244 2441 1296 7,
2468 1243 2496 1286 5
2524 1242 2638 1300 plu-

169 1327 333 1367 rimus
364 1324 643 1367 substantive
673 1324 912 1373 audacius3
943 1331 1095 1366 notum
1123 1323 1426 1381 Vergilianum
1455 1326 1694 1381 plurima
1725 1326 1914 1369 mortis
1941 1326 2137 1383 imago,
2169 1326 2289 1382 quod
2316 1325 2423 1368 inde
2454 1325 2640 1380 sumpsit

170 1405 362 1449 Orosius
388 1404 429 1456 2,
449 1406 478 1446 5
511 1411 623 1448 extr.
655 1412 701 1447 et
729 1405 772 1447 in
802 1404 914 1448 Aen.
949 1404 1014 1456 12,
1042 1404 1099 1447 45
1127 1404 1393 1462 plurimus
1422 1407 1603 1449 rubor.
1664 1406 1774 1450 Stat.
1804 1405 1964 1450 Achill.
1986 1407 2028 1458 1,
2054 1405 2159 1449 163:
2220 1406 2461 1449 Plurima
2490 1404 2638 1447 vultu

178 1486 185 1542 Ῑ
222 1493 395 1528 mater
419 1486 565 1528 inest
595 1493 638 1528 et
667 1499 807 1542 saepe
838 1484 973 1529 Silius
1002 1485 1155 1538 2547.
1183 1486 1226 1533 4,
1254 1485 1359 1538 499;
1389 1486 1699 1544 multusque
1729 1488 1779 1530 in
1811 1485 2359 1544 pectore-Hannibal
2387 1486 2561 1529 Lucan.
2592 1484 2636 1538 8,

169 1564 273 1617 235;
304 1567 499 1609 arbore
528 1564 690 1609 multa
717 1566 774 1609 id.
806 1564 872 1618 10,
901 1564 997 1610 304.
1028 1565 1170 1610 Tacit.
1195 1565 1249 1609 A.
1273 1564 1341 1618 12,
1370 1564 1426 1607 47
1452 1563 1620 1608 multa
1652 1571 1808 1607 veste
1838 1563 2152 1623 Vergiliusque
2181 1565 2222 1607 in
2247 1564 2453 1607 Aeneide
2483 1563 2637 1607 milies.

144 1645 396 1701 ·Tantus,
427 1643 693 1703 frequens
724 1645 881 1689 eodem
914 1658 1099 1689 numero
1125 1652 1360 1705 ponuntur.
1422 1643 1659 1702 Coniungit
1690 1645 1770 1688 Sil.
1803 1644 1870 1699 16,
1900 1644 2008 1688 363:
2067 1645 2302 1703 Insignis
2332 1644 2500 1688 multa
2528 1658 2635 1688 cer·

167 1726 290 1768 vice
322 1732 372 1768 et
400 1724 658 1782 plurimus
684 1726 820 1769 idem
849 1734 893 1769 et
909 1725 1644 1778 audacissimeStat.Silv.3,l,4l:
1677 1725 1839 1769 multo
1871 1725 2049 1769 fratre
2077 1727 2392 1770 madentem.
2421 1725 2637 1782 Exempla

168 1804 405 1862 singularis
436 1804 633 1848 multus
669 1805 871 1849 dedimus
900 1806 944 1849 in
973 1805 1202 1851 Horatian.
1229 1821 1272 1862 p.
1306 1804 1358 1847 13
1387 1805 1544 1862 quibus
1572 1806 1776 1849 adiiciam
1807 1805 1970 1850 multa
2000 1820 2130 1850 rosa
2159 1806 2296 1864 Verg.
2325 1807 2445 1852 Aen.
2474 1806 2539 1862 12,
2567 1805 2632 1848 68.

169 1884 559 1928 multa-indole
589 1884 700 1929 Stat.
730 1885 778 1930 S.
807 1884 861 1938 3,
890 1884 939 1939 3,
968 1883 1026 1929 68
1063 1884 1403 1942 pars-multa
1446 1885 1531 1931 Ov.
1561 1885 1616 1928 A.
1654 1885 1705 1941 1,
1743 1885 1796 1928 15
1827 1895 1937 1929 extr.
1997 1885 2073 1929 Tu
2123 1886 2299 1939 solus,
2339 1892 2393 1929 tu
2441 1884 2633 1928 multus

166 1967 288 2008 item
321 1966 521 2022 Hymnus
551 1979 621 2022 ap.
651 1965 812 2022 Haupt.
844 1966 931 2011 Ov.
962 1965 1152 2009 Halient.
1178 1980 1220 2008 v.
1254 1965 1376 2009 Grat.
1404 1981 1445 2022 p.
1473 1965 1529 2008 65
1558 1980 1601 2011 v.
1633 1965 1673 2010 5.
1732 1965 1973 2023 Ceteroqui
2003 1965 2214 2010 Horatius
2244 1966 2431 2023 saepius
2460 1967 2633 2023 quidem

169 2048 211 2089 in
241 2060 427 2089 numero
467 2045 674 2103 eligendo
716 2047 982 2090 sententiam
1011 2046 1215 2103 respexit
1256 2053 1301 2089 et
1336 2046 1590 2091 acutissime
1625 2045 1714 2088 bac
1753 2047 1808 2089 de
1843 2060 1893 2090 re
1930 2047 2146 2089 interdum
2182 2048 2350 2090 monuit
2390 2046 2634 2098 Bentleius,

167 2129 438 2171 creberrime
466 2134 618 2179 autem
647 2141 806 2171 sonum
834 2135 1050 2185 sequutus
1079 2136 1160 2173 est.
1219 2127 1504 2171 Hariolantur
1532 2126 1827 2183 interpretes,
1858 2127 2047 2169 maxime
2076 2125 2317 2170 Lubkerus
2348 2127 2421 2185 qui
2453 2126 2500 2170 C.
2521 2126 2564 2178 2,
2596 2127 2633 2178 l,

165 2208 194 2251 8
222 2222 468 2261 cruores,
497 2208 660 2266 inquit,
686 2209 873 2266 sanguis
902 2215 974 2253 est
1000 2208 1187 2266 largiter
1215 2208 1392 2253 effusus.
1452 2207 1511 2251 At
1531 2207 1589 2250 ib.
1620 2205 1676 2250 36
1711 2206 1856 2256 Quae
1886 2214 2043 2251 caret
2072 2221 2164 2250 ora
2193 2221 2393 2252 cruore
2425 2215 2632 2251 nostro.

165 2287 288 2333 ldem
316 2290 375 2332 ad
404 2289 458 2343 3,
485 2291 533 2342 7,
568 2290 618 2332 11
661 2290 1066 2346 tuis-ignibus:
1125 2289 1350 2342 „Pluralis
1390 2289 1505 2346 quod
1543 2288 1659 2344 ignis
1691 2301 1890 2343 persona
1933 2302 2022 2331 non
2065 2289 2187 2331 notio
2239 2290 2473 2332 abstracta
2518 2294 2633 2333 est.“

167 2369 283 2419 Quid
310 2368 527 2414 faciamus
556 2376 704 2413 autem
736 2368 996 2427 Vergiliano
1024 2383 1171 2413 meus
1210 2369 1348 2426 ignis
1376 2366 1666 2425 Amyntas?
1724 2368 1846 2410 Idem
1875 2368 2066 2426 denique
2097 2368 2146 2421 3,
2175 2368 2228 2422 6,
2255 2370 2330 2413 17:
2372 2371 2632 2425 „saecula

165 2450 210 2494 in
228 2449 402 2506 plurali
427 2450 564 2506 ponit,
595 2449 698 2506 quia
724 2451 949 2506 ingenium
967 2457 1023 2494 et
1048 2448 1222 2493 indoles
1252 2448 1465 2506 temporis
1505 2446 1824 2504 significatur.“
1881 2446 2057 2491 Rursus
2093 2449 2244 2493 obstat
2274 2449 2477 2495 Tacitus:
2516 2464 2631 2494 cor·

165 2544 417 2587 rumpere
448 2538 499 2574 et
528 2530 803 2587 corrumpi
829 2556 884 2565 --
914 2528 1192 2575 saeculum
1219 2535 1455 2573 vocatur.
1513 2527 1666 2585 ltaque
1697 2533 1817 2570 amat
1845 2525 2057 2571 Horatius
2074 2527 2314 2574 ablativum
2338 2529 2409 2573 vel
2440 2531 2629 2572 dativum

165 2608 226 2665 pl.
263 2610 433 2666 primae
485 2616 530 2654 et
574 2609 803 2654 secundae
848 2609 1184 2654 declinationis:
1261 2608 1433 2660 areis,
1480 2606 1696 2652 horreis
1743 2607 1833 2661 bis,
1888 2620 1998 2651 cam
2010 2608 2093 2665 pis
2141 2609 2431 2667 saepissime,
2482 2624 2630 2668 quam-

164 2705 295 2747 quam
322 2687 372 2742 3,
403 2687 477 2743 18,
506 2688 536 2734 9
566 2689 703 2735 ludit
737 2689 976 2735 herboso
1018 2705 1194 2747 pecus
1230 2704 1380 2735 omne
1412 2703 1600 2746 campo
1631 2697 1675 2733 et
1700 2703 1804 2733 mox
1832 2686 2011 2735 festus
2042 2687 2091 2733 in
2121 2690 2310 2747 pratis.
2374 2691 2499 2736 Patet
2530 2692 2628 2736 soni

163 2785 302 2814 causa
334 2770 497 2814 dictum
528 2786 632 2815 esse
657 2771 739 2827 Ep.
770 2771 811 2823 2,
838 2771 894 2814 64
923 2770 1069 2815 collo
1101 2770 1383 2815 trahentes
1412 2770 1670 2826 languido
1702 2778 1746 2814 et
1777 2768 1827 2814 C.
1855 2768 1897 2823 3,
1927 2769 1956 2814 6
1988 2769 2320 2817 dedecorum
2348 2773 2629 2829 pretiosus

164 2859 390 2908 emptor,
420 2850 496 2893 ubi
523 2851 832 2903 dedecoris,
864 2852 937 2909 qui
965 2866 1177 2896 numerus
1204 2852 1386 2908 proprie
1416 2850 1667 2907 requiritur,
1698 2851 1841 2895 minus
1867 2851 1982 2894 bene
2011 2860 2209 2896 sonaret.
2268 2854 2450 2897 Omnino
2480 2862 2628 2897 autem

162 2945 296 2990 quum
325 2930 503 2989 longum
532 2931 590 2975 sit
617 2931 663 2974 h.
695 2931 733 2978 1.
760 2945 855 2975 rem
884 2931 1150 2985 absolvere,
1188 2932 1293 2976 inde
1316 2945 1345 2975 a
1372 2931 1571 2990 Vergilio
1602 2932 1675 2991 qui
1706 2932 1874 2990 primus
1903 2931 2118 2977 hordea
2150 2934 2259 2977 dixit
2288 2942 2331 2977 et
2358 2935 2413 2976 ab
2441 2932 2627 2977 Horatio

162 3013 236 3071 qui
262 3012 473 3055 nomina
511 3012 739 3057 daturus
766 3020 930 3069 ponto
961 3012 1015 3056 C.
1047 3014 1099 3067 4,
1128 3014 1180 3067 2,
1211 3014 1261 3067 4,
1286 3014 1403 3072 quod
1434 3020 1650 3070 sequutus
1681 3020 1750 3056 est
1778 3012 1859 3057 Sil.
1894 3012 1962 3065 12,
1990 3012 2076 3056 360
2104 3014 2443 3058 increbrescere
2476 3016 2628 3072 coepit

160 3093 441 3151 promiscuus
480 3104 764 3136 numerorum
789 3106 900 3137 usus
929 3092 1250 3152 praevaletque
1289 3093 1478 3151 denique
1507 3092 1716 3150 pluralis,
1756 3094 1811 3136 de
1845 3094 1970 3137 cuius
2006 3108 2092 3139 usu
2130 3104 2174 3139 et
2211 3096 2365 3138 Batavi
2400 3097 2629 3153 ambigunt

160 3188 247 3220 nec
273 3179 497 3218 nostrates
528 3173 638 3217 satis
668 3182 795 3218 recte
822 3174 1119 3233 praecipiunt,
1151 3175 1272 3229 dum,
1302 3182 1350 3219 ut
1375 3174 1577 3219 Jacobus
1607 3174 1716 3219 fecit
1742 3175 1783 3218 in
1816 3175 2066 3234 scriptione
2096 3177 2151 3221 de
2180 3191 2262 3220 usu
2291 3177 2460 3220 numeri
2480 3177 2626 3235 plura·

158 3256 228 3311 lis,
255 3256 402 3302 omnia
431 3255 487 3297 ad
517 3253 690 3312 logicas
719 3256 920 3301 rationes
949 3269 1167 3302 revocare
1195 3256 1391 3301 student.
