<?xml version="1.0" encoding="UTF-8"?>
<!DOCTYPE html PUBLIC "-//W3C//DTD XHTML 1.0 Transitional//EN"
    "http://www.w3.org/TR/xhtml1/DTD/xhtml1-transitional.dtd">
<html xmlns="http://www.w3.org/1999/xhtml" xml:lang="en" lang="en">
 <head>
  <title>
</title>
<meta http-equiv="Content-Type" content="text/html;charset=utf-8" />
  <meta name='ocr-system' content='tesseract 3.04.00' />
  <meta name='ocr-capabilities' content='ocr_page ocr_carea ocr_par ocr_line ocrx_word'/>
</head>
<body>
  <div class='ocr_page' id='page_1' title='image "4777057_0033.png"; bbox 0 0 3008 3764; ppageno 0'>
   <div class='ocr_carea' id='block_1_1' title="bbox 1300 107 1671 188">
    <p class='ocr_par' dir='ltr' id='par_1_1' title="bbox 1300 107 1671 188">
     <span class='ocr_line' id='line_1_1' title="bbox 1300 107 1671 188; baseline -0.003 -38"><span class='ocrx_word' id='word_1_1' title='bbox 1300 107 1671 188; x_wconf 16' lang='lat'>--25-</span> 
     </span>
    </p>
   </div>
   <div class='ocr_carea' id='block_1_2' title="bbox 243 268 2720 3529">
    <p class='ocr_par' dir='ltr' id='par_1_2' title="bbox 257 268 2720 411">
     <span class='ocr_line' id='line_1_2' title="bbox 474 268 2720 329; baseline -0.002 -13"><span class='ocrx_word' id='word_1_2' title='bbox 474 273 636 316; x_wconf 87' lang='lat' dir='ltr'><strong>Simul</strong></span> <span class='ocrx_word' id='word_1_3' title='bbox 675 281 723 316; x_wconf 90' lang='lat' dir='ltr'><strong>ut</strong></span> <span class='ocrx_word' id='word_1_4' title='bbox 763 273 972 315; x_wconf 86' lang='lat' dir='ltr'><strong>dixerunt</strong></span> <span class='ocrx_word' id='word_1_5' title='bbox 1009 283 1157 326; x_wconf 86' lang='lat' dir='ltr'><strong>neque</strong></span> <span class='ocrx_word' id='word_1_6' title='bbox 1188 268 1389 312; x_wconf 75' lang='lat' dir='ltr'><strong>Catullus</strong></span> <span class='ocrx_word' id='word_1_7' title='bbox 1417 284 1562 325; x_wconf 88' lang='lat' dir='ltr'><strong>neque</strong></span> <span class='ocrx_word' id='word_1_8' title='bbox 1594 269 1780 313; x_wconf 82' lang='lat' dir='ltr'><strong>Ovidius</strong></span> <span class='ocrx_word' id='word_1_9' title='bbox 1807 268 2135 327; x_wconf 84' lang='lat' dir='ltr'><strong>Horatiusque,</strong></span> <span class='ocrx_word' id='word_1_10' title='bbox 2175 286 2287 314; x_wconf 87' lang='lat' dir='ltr'><strong>usus</strong></span> <span class='ocrx_word' id='word_1_11' title='bbox 2327 279 2399 314; x_wconf 87' lang='lat' dir='ltr'><strong>est</strong></span> <span class='ocrx_word' id='word_1_12' title='bbox 2424 271 2650 329; x_wconf 82' lang='lat' dir='ltr'><strong>Vergilius</strong></span> <span class='ocrx_word' id='word_1_13' title='bbox 2680 286 2720 313; x_wconf 87' lang='lat' dir='ltr'><strong>v.</strong></span> 
     </span>
     <span class='ocr_line' id='line_1_3' title="bbox 257 350 928 411; baseline -0.006 -16"><span class='ocrx_word' id='word_1_14' title='bbox 257 352 416 411; x_wconf 80' lang='lat' dir='ltr'><strong>Haupt.</strong></span> <span class='ocrx_word' id='word_1_15' title='bbox 443 355 629 406; x_wconf 87' lang='lat' dir='ltr'><strong>Quaest.</strong></span> <span class='ocrx_word' id='word_1_16' title='bbox 660 354 755 397; x_wconf 88' lang='lat' dir='ltr'><strong>crit.</strong></span> <span class='ocrx_word' id='word_1_17' title='bbox 780 368 828 409; x_wconf 89' lang='lat' dir='ltr'><strong>p.</strong></span> <span class='ocrx_word' id='word_1_18' title='bbox 859 350 928 392; x_wconf 82' lang='lat'><strong>35.</strong></span> 
     </span>
    </p>

    <p class='ocr_par' dir='ltr' id='par_1_3' title="bbox 254 429 2720 649">
     <span class='ocr_line' id='line_1_4' title="bbox 475 429 2720 488; baseline -0.001 -10"><span class='ocrx_word' id='word_1_19' title='bbox 475 435 709 478; x_wconf 84' lang='lat' dir='ltr'><strong>Maxima</strong></span> <span class='ocrx_word' id='word_1_20' title='bbox 738 444 866 488; x_wconf 86' lang='lat' dir='ltr'><strong>pars</strong></span> <span class='ocrx_word' id='word_1_21' title='bbox 897 429 1088 473; x_wconf 87' lang='lat' dir='ltr'><strong>horum</strong></span> <span class='ocrx_word' id='word_1_22' title='bbox 1119 444 1171 473; x_wconf 88' lang='lat' dir='ltr'><strong>ex</strong></span> <span class='ocrx_word' id='word_1_23' title='bbox 1201 431 1247 473; x_wconf 89' lang='lat' dir='ltr'><strong>P.</strong></span> <span class='ocrx_word' id='word_1_24' title='bbox 1277 431 1329 484; x_wconf 93' lang='lat' dir='ltr'><strong>l,</strong></span> <span class='ocrx_word' id='word_1_25' title='bbox 1358 431 1409 483; x_wconf 88' lang='lat'><strong>5,</strong></span> <span class='ocrx_word' id='word_1_26' title='bbox 1439 429 1496 472; x_wconf 87' lang='grc'><strong>83</strong></span> <span class='ocrx_word' id='word_1_27' title='bbox 1524 438 1569 473; x_wconf 85' lang='lat' dir='ltr'><strong>et</strong></span> <span class='ocrx_word' id='word_1_28' title='bbox 1596 431 1645 484; x_wconf 88' lang='grc'><strong>2,</strong></span> <span class='ocrx_word' id='word_1_29' title='bbox 1679 431 1724 484; x_wconf 91' lang='lat'><strong>1,</strong></span> <span class='ocrx_word' id='word_1_30' title='bbox 1755 431 1828 473; x_wconf 80' lang='lat'><strong>45.</strong></span> <span class='ocrx_word' id='word_1_31' title='bbox 1871 431 2025 475; x_wconf 84' lang='lat' dir='ltr'>Priore</span> <span class='ocrx_word' id='word_1_32' title='bbox 2049 432 2151 475; x_wconf 84' lang='lat' dir='ltr'><strong>loeo</strong></span> <span class='ocrx_word' id='word_1_33' title='bbox 2181 432 2303 474; x_wconf 90' lang='lat' dir='ltr'><strong>multi</strong></span> <span class='ocrx_word' id='word_1_34' title='bbox 2330 433 2430 475; x_wconf 87' lang='lat' dir='ltr'>libri</span> <span class='ocrx_word' id='word_1_35' title='bbox 2454 433 2720 475; x_wconf 87' lang='lat' dir='ltr'><strong>hominum</strong></span> 
     </span>
     <span class='ocr_line' id='line_1_5' title="bbox 254 509 2718 573; baseline 0 -16"><span class='ocrx_word' id='word_1_36' title='bbox 254 513 369 559; x_wconf 89' lang='lat' dir='ltr'><strong>male</strong></span> <span class='ocrx_word' id='word_1_37' title='bbox 398 529 481 573; x_wconf 84' lang='lat' dir='ltr'><strong>pro</strong></span> <span class='ocrx_word' id='word_1_38' title='bbox 511 514 699 558; x_wconf 88' lang='lat' dir='ltr'><strong>horum</strong></span> <span class='ocrx_word' id='word_1_39' title='bbox 731 517 779 553; x_wconf 86' lang='lat' dir='ltr'><strong>ut</strong></span> <span class='ocrx_word' id='word_1_40' title='bbox 809 509 863 553; x_wconf 85' lang='lat' dir='ltr'><strong>H.</strong></span> <span class='ocrx_word' id='word_1_41' title='bbox 894 509 939 554; x_wconf 88' lang='lat' dir='ltr'><strong>S.</strong></span> <span class='ocrx_word' id='word_1_42' title='bbox 971 510 1020 563; x_wconf 91' lang='grc'><strong>2,</strong></span> <span class='ocrx_word' id='word_1_43' title='bbox 1049 510 1091 563; x_wconf 87' lang='lat'><strong>3,</strong></span> <span class='ocrx_word' id='word_1_44' title='bbox 1123 509 1198 553; x_wconf 87' lang='grc'><strong>121</strong></span> <span class='ocrx_word' id='word_1_45' title='bbox 1232 515 1278 554; x_wconf 80' lang='lat' dir='ltr'><strong>et</strong></span> <span class='ocrx_word' id='word_1_46' title='bbox 1309 510 1534 554; x_wconf 86' lang='lat' dir='ltr'><strong>maxima</strong></span> <span class='ocrx_word' id='word_1_47' title='bbox 1563 524 1694 569; x_wconf 87' lang='lat' dir='ltr'><strong>pars</strong></span> <span class='ocrx_word' id='word_1_48' title='bbox 1725 518 1899 554; x_wconf 88' lang='lat' dir='ltr'><strong>vatum</strong></span> <span class='ocrx_word' id='word_1_49' title='bbox 1928 512 1971 554; x_wconf 90' lang='lat' dir='ltr'><strong>in</strong></span> <span class='ocrx_word' id='word_1_50' title='bbox 2000 525 2071 570; x_wconf 89' lang='lat' dir='ltr'><strong>ep.</strong></span> <span class='ocrx_word' id='word_1_51' title='bbox 2105 512 2164 554; x_wconf 89' lang='lat' dir='ltr'><strong>ad</strong></span> <span class='ocrx_word' id='word_1_52' title='bbox 2194 512 2400 556; x_wconf 86' lang='lat' dir='ltr'><strong>Pisones.</strong></span> <span class='ocrx_word' id='word_1_53' title='bbox 2459 513 2595 556; x_wconf 88' lang='lat' dir='ltr'><strong>Pars</strong></span> <span class='ocrx_word' id='word_1_54' title='bbox 2629 513 2718 557; x_wconf 90' lang='lat' dir='ltr'><strong>ho-</strong></span> 
     </span>
     <span class='ocr_line' id='line_1_6' title="bbox 254 590 1095 649; baseline -0.005 -10"><span class='ocrx_word' id='word_1_55' title='bbox 254 595 440 640; x_wconf 89' lang='lat' dir='ltr'><strong>minum</strong></span> <span class='ocrx_word' id='word_1_56' title='bbox 473 594 685 640; x_wconf 84' lang='lat' dir='ltr'><strong>Prudent.</strong></span> <span class='ocrx_word' id='word_1_57' title='bbox 724 590 968 649; x_wconf 85' lang='lat' dir='ltr'><strong>Hamartig.</strong></span> <span class='ocrx_word' id='word_1_58' title='bbox 998 590 1095 636; x_wconf 82' lang='lat'><strong>592.</strong></span> 
     </span>
    </p>

    <p class='ocr_par' dir='ltr' id='par_1_4' title="bbox 475 669 2255 731">
     <span class='ocr_line' id='line_1_7' title="bbox 475 669 2255 731; baseline 0.001 -13"><span class='ocrx_word' id='word_1_59' title='bbox 475 672 696 718; x_wconf 89' lang='lat' dir='ltr'><strong>Nodosa</strong></span> <span class='ocrx_word' id='word_1_60' title='bbox 725 671 970 730; x_wconf 89' lang='lat' dir='ltr'><strong>podagra</strong></span> <span class='ocrx_word' id='word_1_61' title='bbox 998 671 1055 717; x_wconf 88' lang='lat' dir='ltr'><strong>ib.</strong></span> <span class='ocrx_word' id='word_1_62' title='bbox 1077 671 1133 725; x_wconf 93' lang='lat' dir='ltr'><strong>-l,</strong></span> <span class='ocrx_word' id='word_1_63' title='bbox 1163 669 1217 725; x_wconf 84' lang='lat'><strong>3,</strong></span> <span class='ocrx_word' id='word_1_64' title='bbox 1247 670 1303 715; x_wconf 88' lang='grc'><strong>24</strong></span> <span class='ocrx_word' id='word_1_65' title='bbox 1332 690 1385 716; x_wconf 91' lang='lat'><strong><em>=</em></strong></span> <span class='ocrx_word' id='word_1_66' title='bbox 1411 672 1621 719; x_wconf 90' lang='lat' dir='ltr'><strong>nodosa</strong></span> <span class='ocrx_word' id='word_1_67' title='bbox 1650 671 1916 731; x_wconf 82' lang='lat' dir='ltr'>chiragra</span> <span class='ocrx_word' id='word_1_68' title='bbox 1945 672 1998 720; x_wconf 91' lang='lat' dir='ltr'><strong>E.</strong></span> <span class='ocrx_word' id='word_1_69' title='bbox 2032 673 2078 728; x_wconf 90' lang='lat'><strong>1,</strong></span> <span class='ocrx_word' id='word_1_70' title='bbox 2111 673 2157 727; x_wconf 93' lang='lat'><strong>1,</strong></span> <span class='ocrx_word' id='word_1_71' title='bbox 2186 673 2255 719; x_wconf 88' lang='lat'><strong>31.</strong></span> 
     </span>
    </p>

    <p class='ocr_par' dir='ltr' id='par_1_5' title="bbox 255 750 2327 889">
     <span class='ocr_line' id='line_1_8' title="bbox 474 750 2069 812; baseline 0.001 -16"><span class='ocrx_word' id='word_1_72' title='bbox 474 750 583 797; x_wconf 87' lang='lat' dir='ltr'><strong>Met.</strong></span> <span class='ocrx_word' id='word_1_73' title='bbox 616 751 690 810; x_wconf 88' lang='lat'><strong>10,</strong></span> <span class='ocrx_word' id='word_1_74' title='bbox 722 750 795 796; x_wconf 85' lang='lat'><strong>18:</strong></span> <span class='ocrx_word' id='word_1_75' title='bbox 842 751 891 797; x_wconf 92' lang='lat' dir='ltr'><strong>In</strong></span> <span class='ocrx_word' id='word_1_76' title='bbox 932 764 1064 811; x_wconf 88' lang='lat' dir='ltr'><strong>quem</strong></span> <span class='ocrx_word' id='word_1_77' title='bbox 1098 750 1339 796; x_wconf 82' lang='lat' dir='ltr'><strong>recidimus</strong></span> <span class='ocrx_word' id='word_1_78' title='bbox 1382 752 1587 812; x_wconf 88' lang='lat' dir='ltr'><strong>quicquid</strong></span> <span class='ocrx_word' id='word_1_79' title='bbox 1627 752 1816 797; x_wconf 83' lang='lat' dir='ltr'><strong>mortale</strong></span> <span class='ocrx_word' id='word_1_80' title='bbox 1854 766 2069 798; x_wconf 82' lang='lat' dir='ltr'><strong>creamur.</strong></span> 
     </span>
     <span class='ocr_line' id='line_1_9' title="bbox 255 830 2327 889; baseline 0 -10"><span class='ocrx_word' id='word_1_81' title='bbox 255 843 301 879; x_wconf 89' lang='lat' dir='ltr'><strong>ut</strong></span> <span class='ocrx_word' id='word_1_82' title='bbox 343 832 401 877; x_wconf 89' lang='lat' dir='ltr'><strong>ibi</strong></span> <span class='ocrx_word' id='word_1_83' title='bbox 433 846 590 878; x_wconf 90' lang='lat' dir='ltr'><strong>omnes</strong></span> <span class='ocrx_word' id='word_1_84' title='bbox 631 832 842 877; x_wconf 90' lang='lat' dir='ltr'><strong>meliores</strong></span> <span class='ocrx_word' id='word_1_85' title='bbox 869 830 994 885; x_wconf 82' lang='lat' dir='ltr'><strong>libri,</strong></span> <span class='ocrx_word' id='word_1_86' title='bbox 1021 845 1112 876; x_wconf 91' lang='lat' dir='ltr'><strong>non</strong></span> <span class='ocrx_word' id='word_1_87' title='bbox 1144 831 1463 878; x_wconf 87' lang='lat' dir='ltr'><strong>decidimus.</strong></span> <span class='ocrx_word' id='word_1_88' title='bbox 1492 832 1544 879; x_wconf 91' lang='grc' dir='ltr'><strong>Η.</strong></span> <span class='ocrx_word' id='word_1_89' title='bbox 1574 834 1625 888; x_wconf 91' lang='grc'><strong>4,</strong></span> <span class='ocrx_word' id='word_1_90' title='bbox 1656 835 1705 889; x_wconf 87' lang='grc'><strong>7,</strong></span> <span class='ocrx_word' id='word_1_91' title='bbox 1735 833 1808 879; x_wconf 80' lang='lat'><strong>14:</strong></span> <span class='ocrx_word' id='word_1_92' title='bbox 1854 834 1949 879; x_wconf 89' lang='lat' dir='ltr'><strong>Nos</strong></span> <span class='ocrx_word' id='word_1_93' title='bbox 1983 835 2056 879; x_wconf 89' lang='lat' dir='ltr'><strong>ubi</strong></span> <span class='ocrx_word' id='word_1_94' title='bbox 2084 835 2327 880; x_wconf 86' lang='lat' dir='ltr'><strong>recidimus</strong></span> 
     </span>
    </p>

    <p class='ocr_par' dir='ltr' id='par_1_6' title="bbox 252 910 2713 1370">
     <span class='ocr_line' id='line_1_10' title="bbox 812 910 2002 969; baseline 0.003 -14"><span class='ocrx_word' id='word_1_95' title='bbox 812 911 913 963; x_wconf 85' lang='lat' dir='ltr'><strong>Quo</strong></span> <span class='ocrx_word' id='word_1_96' title='bbox 943 918 1074 969; x_wconf 89' lang='lat' dir='ltr'><strong>pater</strong></span> <span class='ocrx_word' id='word_1_97' title='bbox 1099 910 1284 956; x_wconf 84' lang='lat' dir='ltr'><strong>Aeneas</strong></span> <span class='ocrx_word' id='word_1_98' title='bbox 1316 925 1404 969; x_wconf 91' lang='lat' dir='ltr'><strong>quo</strong></span> <span class='ocrx_word' id='word_1_99' title='bbox 1435 911 1586 959; x_wconf 88' lang='lat' dir='ltr'><strong>Tullus</strong></span> <span class='ocrx_word' id='word_1_100' title='bbox 1619 914 1748 959; x_wconf 88' lang='lat' dir='ltr'><strong>dives</strong></span> <span class='ocrx_word' id='word_1_101' title='bbox 1777 922 1822 959; x_wconf 90' lang='lat' dir='ltr'><strong>et</strong></span> <span class='ocrx_word' id='word_1_102' title='bbox 1846 914 2002 958; x_wconf 87' lang='lat' dir='ltr'><strong>Ancus</strong></span> 
     </span>
     <span class='ocr_line' id='line_1_11' title="bbox 252 989 2713 1052; baseline 0.002 -17"><span class='ocrx_word' id='word_1_103' title='bbox 252 990 319 1036; x_wconf 89' lang='lat' dir='ltr'><strong>sic</strong></span> <span class='ocrx_word' id='word_1_104' title='bbox 347 990 462 1036; x_wconf 90' lang='lat' dir='ltr'><strong>enim</strong></span> <span class='ocrx_word' id='word_1_105' title='bbox 488 990 739 1050; x_wconf 86' lang='lat' dir='ltr'><strong>legendum.</strong></span> <span class='ocrx_word' id='word_1_106' title='bbox 797 989 932 1042; x_wconf 89' lang='lat' dir='ltr'><strong>Quod</strong></span> <span class='ocrx_word' id='word_1_107' title='bbox 960 990 1141 1049; x_wconf 83' lang='lat' dir='ltr'><strong>egregie</strong></span> <span class='ocrx_word' id='word_1_108' title='bbox 1172 990 1231 1036; x_wconf 90' lang='lat' dir='ltr'><strong>ibi</strong></span> <span class='ocrx_word' id='word_1_109' title='bbox 1258 989 1540 1050; x_wconf 87' lang='lat' dir='ltr'><strong>Peerlkamp.</strong></span> <span class='ocrx_word' id='word_1_110' title='bbox 1561 993 1761 1052; x_wconf 87' lang='lat' dir='ltr'><strong>disputat</strong></span> <span class='ocrx_word' id='word_1_111' title='bbox 1792 992 1848 1037; x_wconf 91' lang='lat' dir='ltr'><strong>de</strong></span> <span class='ocrx_word' id='word_1_112' title='bbox 1879 991 2130 1037; x_wconf 87' lang='lat' dir='ltr'><strong>discrimine</strong></span> <span class='ocrx_word' id='word_1_113' title='bbox 2157 991 2390 1038; x_wconf 87' lang='lat' dir='ltr'><strong>recidendi</strong></span> <span class='ocrx_word' id='word_1_114' title='bbox 2405 1000 2450 1038; x_wconf 91' lang='lat' dir='ltr'><strong>et</strong></span> <span class='ocrx_word' id='word_1_115' title='bbox 2468 992 2713 1052; x_wconf 88' lang='lat' dir='ltr'><strong>decidendi,</strong></span> 
     </span>
     <span class='ocr_line' id='line_1_12' title="bbox 252 1068 2711 1130; baseline 0.002 -16"><span class='ocrx_word' id='word_1_116' title='bbox 252 1077 300 1114; x_wconf 92' lang='lat' dir='ltr'><strong>ut</strong></span> <span class='ocrx_word' id='word_1_117' title='bbox 329 1069 436 1115; x_wconf 90' lang='lat' dir='ltr'><strong>illud</strong></span> <span class='ocrx_word' id='word_1_118' title='bbox 461 1072 519 1115; x_wconf 87' lang='lat' dir='ltr'><strong>sit</strong></span> <span class='ocrx_word' id='word_1_119' title='bbox 548 1071 714 1115; x_wconf 88' lang='lat' dir='ltr'><strong>cadere</strong></span> <span class='ocrx_word' id='word_1_120' title='bbox 743 1070 787 1114; x_wconf 90' lang='lat' dir='ltr'><strong>in</strong></span> <span class='ocrx_word' id='word_1_121' title='bbox 819 1068 1128 1114; x_wconf 89' lang='lat' dir='ltr'><strong>condicionem</strong></span> <span class='ocrx_word' id='word_1_122' title='bbox 1157 1069 1445 1124; x_wconf 85' lang='lat' dir='ltr'><strong>deteriorem,</strong></span> <span class='ocrx_word' id='word_1_123' title='bbox 1474 1072 1703 1126; x_wconf 88' lang='lat' dir='ltr'><strong>miseram,</strong></span> <span class='ocrx_word' id='word_1_124' title='bbox 1735 1071 1825 1117; x_wconf 89' lang='lat' dir='ltr'><strong>hoc</strong></span> <span class='ocrx_word' id='word_1_125' title='bbox 1856 1072 1899 1117; x_wconf 91' lang='lat' dir='ltr'><strong>in</strong></span> <span class='ocrx_word' id='word_1_126' title='bbox 1932 1072 2234 1117; x_wconf 89' lang='lat' dir='ltr'><strong>condicionem</strong></span> <span class='ocrx_word' id='word_1_127' title='bbox 2265 1073 2555 1130; x_wconf 88' lang='lat' dir='ltr'><strong>deteriorem,</strong></span> <span class='ocrx_word' id='word_1_128' title='bbox 2586 1075 2711 1119; x_wconf 89' lang='lat' dir='ltr'><strong>mise·</strong></span> 
     </span>
     <span class='ocr_line' id='line_1_13' title="bbox 252 1134 2712 1209; baseline 0.002 -16"><span class='ocrx_word' id='word_1_129' title='bbox 252 1165 345 1194; x_wconf 86' lang='lat' dir='ltr'><strong>ram</strong></span> <span class='ocrx_word' id='word_1_130' title='bbox 377 1159 421 1195; x_wconf 91' lang='lat' dir='ltr'><strong>et</strong></span> <span class='ocrx_word' id='word_1_131' title='bbox 450 1159 681 1208; x_wconf 86' lang='lat' dir='ltr'><strong>turpem,</strong></span> <span class='ocrx_word' id='word_1_132' title='bbox 712 1149 998 1194; x_wconf 88' lang='lat' dir='ltr'><strong>confirmatur</strong></span> <span class='ocrx_word' id='word_1_133' title='bbox 1028 1151 1158 1194; x_wconf 88' lang='lat' dir='ltr'><strong>etiam</strong></span> <span class='ocrx_word' id='word_1_134' title='bbox 1186 1149 1354 1195; x_wconf 89' lang='lat' dir='ltr'><strong>Baden.</strong></span> <span class='ocrx_word' id='word_1_135' title='bbox 1385 1160 1532 1197; x_wconf 90' lang='lat' dir='ltr'><strong>annot.</strong></span> <span class='ocrx_word' id='word_1_136' title='bbox 1562 1134 1757 1198; x_wconf 29' lang='lat' dir='ltr'><strong>ad&#39;Sen.</strong></span> <span class='ocrx_word' id='word_1_137' title='bbox 1788 1152 1843 1196; x_wconf 89' lang='lat' dir='ltr'><strong>H.</strong></span> <span class='ocrx_word' id='word_1_138' title='bbox 1875 1153 1922 1198; x_wconf 84' lang='lat' dir='ltr'><strong>F.</strong></span> <span class='ocrx_word' id='word_1_139' title='bbox 1952 1152 2036 1196; x_wconf 86' lang='grc'><strong>269</strong></span> <span class='ocrx_word' id='word_1_140' title='bbox 2066 1155 2163 1209; x_wconf 88' lang='lat' dir='ltr'><strong>ipso</strong></span> <span class='ocrx_word' id='word_1_141' title='bbox 2193 1154 2374 1198; x_wconf 90' lang='lat' dir='ltr'><strong>nolente</strong></span> <span class='ocrx_word' id='word_1_142' title='bbox 2407 1163 2452 1197; x_wconf 92' lang='lat' dir='ltr'><strong>et</strong></span> <span class='ocrx_word' id='word_1_143' title='bbox 2482 1155 2543 1198; x_wconf 91' lang='lat' dir='ltr'><strong>ita</strong></span> <span class='ocrx_word' id='word_1_144' title='bbox 2570 1155 2712 1198; x_wconf 84' lang='lat' dir='ltr'><strong>Medi-</strong></span> 
     </span>
     <span class='ocr_line' id='line_1_14' title="bbox 253 1231 2711 1293; baseline 0.001 -17"><span class='ocrx_word' id='word_1_145' title='bbox 253 1248 362 1277; x_wconf 90' lang='lat' dir='ltr'><strong>ceus</strong></span> <span class='ocrx_word' id='word_1_146' title='bbox 394 1248 467 1291; x_wconf 91' lang='lat' dir='ltr'><strong>ap.</strong></span> <span class='ocrx_word' id='word_1_147' title='bbox 498 1233 610 1276; x_wconf 87' lang='lat' dir='ltr'><strong>Tac.</strong></span> <span class='ocrx_word' id='word_1_148' title='bbox 636 1232 724 1277; x_wconf 87' lang='lat' dir='ltr'><strong>An.</strong></span> <span class='ocrx_word' id='word_1_149' title='bbox 756 1231 804 1285; x_wconf 87' lang='lat'><strong>3,</strong></span> <span class='ocrx_word' id='word_1_150' title='bbox 834 1231 892 1274; x_wconf 83' lang='lat'><strong>59</strong></span> <span class='ocrx_word' id='word_1_151' title='bbox 919 1232 1191 1275; x_wconf 85' lang='lat' dir='ltr'><strong>rectissime:</strong></span> <span class='ocrx_word' id='word_1_152' title='bbox 1231 1232 1305 1275; x_wconf 87' lang='lat' dir='ltr'><strong>Eo</strong></span> <span class='ocrx_word' id='word_1_153' title='bbox 1338 1233 1629 1278; x_wconf 86' lang='lat' dir='ltr'><strong>decidisse</strong></span> <span class='ocrx_word' id='word_1_154' title='bbox 1659 1235 1849 1278; x_wconf 88' lang='lat' dir='ltr'><strong>omnia.</strong></span> <span class='ocrx_word' id='word_1_155' title='bbox 1907 1234 2069 1278; x_wconf 89' lang='lat' dir='ltr'><strong>Mirum</strong></span> <span class='ocrx_word' id='word_1_156' title='bbox 2099 1243 2243 1278; x_wconf 87' lang='lat' dir='ltr'><strong>autem</strong></span> <span class='ocrx_word' id='word_1_157' title='bbox 2274 1250 2384 1278; x_wconf 91' lang='lat' dir='ltr'><strong>sane</strong></span> <span class='ocrx_word' id='word_1_158' title='bbox 2415 1237 2537 1293; x_wconf 91' lang='lat' dir='ltr'><strong>quod</strong></span> <span class='ocrx_word' id='word_1_159' title='bbox 2568 1236 2711 1279; x_wconf 83' lang='lat' dir='ltr'><strong>Peerl-</strong></span> 
     </span>
     <span class='ocr_line' id='line_1_15' title="bbox 252 1312 1574 1370; baseline -0.001 -14"><span class='ocrx_word' id='word_1_160' title='bbox 252 1314 444 1370; x_wconf 89' lang='lat' dir='ltr'><strong>kampus</strong></span> <span class='ocrx_word' id='word_1_161' title='bbox 473 1326 558 1369; x_wconf 94' lang='lat' dir='ltr'><strong>pro</strong></span> <span class='ocrx_word' id='word_1_162' title='bbox 587 1320 745 1368; x_wconf 89' lang='lat' dir='ltr'><strong>pater</strong></span> <span class='ocrx_word' id='word_1_163' title='bbox 772 1312 993 1355; x_wconf 85' lang='lat' dir='ltr'><strong>Aeneas</strong></span> <span class='ocrx_word' id='word_1_164' title='bbox 1022 1313 1160 1354; x_wconf 86' lang='lat' dir='ltr'><strong>edidit</strong></span> <span class='ocrx_word' id='word_1_165' title='bbox 1187 1313 1311 1368; x_wconf 92' lang='lat' dir='ltr'><strong>pius</strong></span> <span class='ocrx_word' id='word_1_166' title='bbox 1341 1312 1574 1357; x_wconf 89' lang='lat' dir='ltr'><strong>Aeneas.</strong></span> 
     </span>
    </p>

    <p class='ocr_par' dir='ltr' id='par_1_7' title="bbox 472 1392 1495 1450">
     <span class='ocr_line' id='line_1_16' title="bbox 472 1392 1495 1450; baseline 0.002 -15"><span class='ocrx_word' id='word_1_167' title='bbox 472 1392 899 1450; x_wconf 84' lang='lat' dir='ltr'><strong>Metamorphoseon</strong></span> <span class='ocrx_word' id='word_1_168' title='bbox 931 1392 1134 1436; x_wconf 87' lang='lat' dir='ltr'><strong>clausula</strong></span> <span class='ocrx_word' id='word_1_169' title='bbox 1160 1394 1227 1436; x_wconf 86' lang='lat' dir='ltr'><strong>sic</strong></span> <span class='ocrx_word' id='word_1_170' title='bbox 1256 1407 1307 1437; x_wconf 88' lang='lat' dir='ltr'><strong>se</strong></span> <span class='ocrx_word' id='word_1_171' title='bbox 1336 1393 1495 1437; x_wconf 89' lang='lat' dir='ltr'><strong>habet:</strong></span> 
     </span>
    </p>

    <p class='ocr_par' dir='ltr' id='par_1_8' title="bbox 806 1473 2071 2172">
     <span class='ocr_line' id='line_1_17' title="bbox 809 1473 2013 1531; baseline 0.002 -15"><span class='ocrx_word' id='word_1_172' title='bbox 809 1473 989 1530; x_wconf 88' lang='lat' dir='ltr'><strong>lamque</strong></span> <span class='ocrx_word' id='word_1_173' title='bbox 1020 1488 1134 1531; x_wconf 90' lang='lat' dir='ltr'><strong>opus</strong></span> <span class='ocrx_word' id='word_1_174' title='bbox 1163 1473 1317 1529; x_wconf 79' lang='lat' dir='ltr'><strong>exegi:</strong></span> <span class='ocrx_word' id='word_1_175' title='bbox 1356 1475 1474 1531; x_wconf 88' lang='lat' dir='ltr'><strong>quod</strong></span> <span class='ocrx_word' id='word_1_176' title='bbox 1501 1488 1589 1524; x_wconf 86' lang='lat' dir='ltr'><strong>nec</strong></span> <span class='ocrx_word' id='word_1_177' title='bbox 1617 1474 1738 1517; x_wconf 88' lang='lat' dir='ltr'><strong>Iovis</strong></span> <span class='ocrx_word' id='word_1_178' title='bbox 1771 1487 1857 1517; x_wconf 92' lang='lat' dir='ltr'><strong>nec</strong></span> <span class='ocrx_word' id='word_1_179' title='bbox 1885 1475 2013 1531; x_wconf 88' lang='lat' dir='ltr'><strong>ignes</strong></span> 
     </span>
     <span class='ocr_line' id='line_1_18' title="bbox 811 1551 2023 1610; baseline 0.002 -15"><span class='ocrx_word' id='word_1_180' title='bbox 811 1552 909 1596; x_wconf 90' lang='lat' dir='ltr'><strong>Nec</strong></span> <span class='ocrx_word' id='word_1_181' title='bbox 937 1553 1104 1610; x_wconf 88' lang='lat' dir='ltr'><strong>poterit</strong></span> <span class='ocrx_word' id='word_1_182' title='bbox 1133 1551 1301 1596; x_wconf 89' lang='lat' dir='ltr'><strong>ferrum</strong></span> <span class='ocrx_word' id='word_1_183' title='bbox 1331 1566 1417 1596; x_wconf 91' lang='lat' dir='ltr'><strong>nec</strong></span> <span class='ocrx_word' id='word_1_184' title='bbox 1448 1555 1564 1598; x_wconf 85' lang='lat' dir='ltr'><strong>edax</strong></span> <span class='ocrx_word' id='word_1_185' title='bbox 1593 1553 1778 1598; x_wconf 91' lang='lat' dir='ltr'><strong>abolere</strong></span> <span class='ocrx_word' id='word_1_186' title='bbox 1806 1562 2023 1598; x_wconf 88' lang='lat' dir='ltr'><strong>vetustas.</strong></span> 
     </span>
     <span class='ocr_line' id='line_1_19' title="bbox 811 1630 2071 1692; baseline 0.002 -16"><span class='ocrx_word' id='word_1_187' title='bbox 811 1630 921 1676; x_wconf 91' lang='lat' dir='ltr'><strong>Cum</strong></span> <span class='ocrx_word' id='word_1_188' title='bbox 952 1632 1071 1677; x_wconf 89' lang='lat' dir='ltr'><strong>volet</strong></span> <span class='ocrx_word' id='word_1_189' title='bbox 1097 1630 1174 1677; x_wconf 92' lang='lat' dir='ltr'><strong>illa</strong></span> <span class='ocrx_word' id='word_1_190' title='bbox 1204 1631 1322 1685; x_wconf 89' lang='lat' dir='ltr'><strong>dies,</strong></span> <span class='ocrx_word' id='word_1_191' title='bbox 1354 1645 1469 1690; x_wconf 87' lang='lat' dir='ltr'><strong>quae</strong></span> <span class='ocrx_word' id='word_1_192' title='bbox 1499 1631 1558 1676; x_wconf 90' lang='lat' dir='ltr'><strong>nil</strong></span> <span class='ocrx_word' id='word_1_193' title='bbox 1585 1632 1673 1678; x_wconf 91' lang='lat' dir='ltr'><strong>nisi</strong></span> <span class='ocrx_word' id='word_1_194' title='bbox 1702 1633 1910 1692; x_wconf 85' lang='lat' dir='ltr'><strong>corporis</strong></span> <span class='ocrx_word' id='word_1_195' title='bbox 1939 1632 2071 1679; x_wconf 86' lang='lat' dir='ltr'><strong>huius</strong></span> 
     </span>
     <span class='ocr_line' id='line_1_20' title="bbox 808 1711 1933 1770; baseline 0.001 -13"><span class='ocrx_word' id='word_1_196' title='bbox 808 1713 883 1758; x_wconf 91' lang='lat' dir='ltr'><strong>Ius</strong></span> <span class='ocrx_word' id='word_1_197' title='bbox 914 1711 1079 1767; x_wconf 89' lang='lat' dir='ltr'><strong>habet,</strong></span> <span class='ocrx_word' id='word_1_198' title='bbox 1107 1712 1266 1757; x_wconf 86' lang='lat' dir='ltr'><strong>incerti</strong></span> <span class='ocrx_word' id='word_1_199' title='bbox 1295 1713 1486 1770; x_wconf 87' lang='lat' dir='ltr'><strong>spatium</strong></span> <span class='ocrx_word' id='word_1_200' title='bbox 1513 1712 1617 1757; x_wconf 93' lang='lat' dir='ltr'><strong>mihi</strong></span> <span class='ocrx_word' id='word_1_201' title='bbox 1644 1713 1782 1758; x_wconf 91' lang='lat' dir='ltr'><strong>fineat</strong></span> <span class='ocrx_word' id='word_1_202' title='bbox 1808 1714 1933 1759; x_wconf 83' lang='lat' dir='ltr'><strong>aevi:</strong></span> 
     </span>
     <span class='ocr_line' id='line_1_21' title="bbox 810 1791 1984 1852; baseline 0.001 -14"><span class='ocrx_word' id='word_1_203' title='bbox 810 1793 945 1838; x_wconf 86' lang='lat' dir='ltr'><strong>Parte</strong></span> <span class='ocrx_word' id='word_1_204' title='bbox 974 1800 1123 1838; x_wconf 91' lang='lat' dir='ltr'><strong>tamen</strong></span> <span class='ocrx_word' id='word_1_205' title='bbox 1156 1791 1341 1838; x_wconf 91' lang='lat' dir='ltr'><strong>meliore</strong></span> <span class='ocrx_word' id='word_1_206' title='bbox 1371 1794 1457 1838; x_wconf 92' lang='lat' dir='ltr'><strong>mei</strong></span> <span class='ocrx_word' id='word_1_207' title='bbox 1485 1807 1623 1851; x_wconf 90' lang='lat' dir='ltr'><strong>super</strong></span> <span class='ocrx_word' id='word_1_208' title='bbox 1652 1793 1744 1838; x_wconf 86' lang='lat' dir='ltr'><strong>alta</strong></span> <span class='ocrx_word' id='word_1_209' title='bbox 1771 1795 1984 1852; x_wconf 85' lang='lat' dir='ltr'><strong>perennis</strong></span> 
     </span>
     <span class='ocr_line' id='line_1_22' title="bbox 806 1873 2021 1931; baseline 0 -13"><span class='ocrx_word' id='word_1_210' title='bbox 806 1874 948 1918; x_wconf 86' lang='lat' dir='ltr'><strong>Astra</strong></span> <span class='ocrx_word' id='word_1_211' title='bbox 978 1873 1122 1918; x_wconf 82' lang='lat' dir='ltr'><strong>ferar:</strong></span> <span class='ocrx_word' id='word_1_212' title='bbox 1151 1887 1401 1931; x_wconf 89' lang='lat' dir='ltr'><strong>nomenque</strong></span> <span class='ocrx_word' id='word_1_213' title='bbox 1432 1875 1515 1917; x_wconf 89' lang='lat' dir='ltr'><strong>erit</strong></span> <span class='ocrx_word' id='word_1_214' title='bbox 1541 1873 1777 1919; x_wconf 90' lang='lat' dir='ltr'><strong>indelebile</strong></span> <span class='ocrx_word' id='word_1_215' title='bbox 1806 1882 2021 1919; x_wconf 90' lang='lat' dir='ltr'><strong>nostrum.</strong></span> 
     </span>
     <span class='ocr_line' id='line_1_23' title="bbox 812 1954 2007 2013; baseline -0.001 -16"><span class='ocrx_word' id='word_1_216' title='bbox 812 1955 1001 2013; x_wconf 84' lang='lat' dir='ltr'><strong>Quaque</strong></span> <span class='ocrx_word' id='word_1_217' title='bbox 1030 1961 1156 2011; x_wconf 86' lang='lat' dir='ltr'><strong>patet</strong></span> <span class='ocrx_word' id='word_1_218' title='bbox 1183 1954 1360 1997; x_wconf 89' lang='lat' dir='ltr'><strong>domitis</strong></span> <span class='ocrx_word' id='word_1_219' title='bbox 1390 1954 1595 1997; x_wconf 88' lang='lat' dir='ltr'><strong>Romana</strong></span> <span class='ocrx_word' id='word_1_220' title='bbox 1621 1955 1821 2011; x_wconf 90' lang='lat' dir='ltr'><strong>potentia</strong></span> <span class='ocrx_word' id='word_1_221' title='bbox 1851 1955 2007 1998; x_wconf 83' lang='lat' dir='ltr'><strong>terris:</strong></span> 
     </span>
     <span class='ocr_line' id='line_1_24' title="bbox 810 2033 1977 2091; baseline 0 -15"><span class='ocrx_word' id='word_1_222' title='bbox 810 2034 900 2076; x_wconf 89' lang='lat' dir='ltr'><strong>Ore</strong></span> <span class='ocrx_word' id='word_1_223' title='bbox 929 2033 1056 2090; x_wconf 86' lang='lat' dir='ltr'><strong>legar</strong></span> <span class='ocrx_word' id='word_1_224' title='bbox 1085 2033 1263 2091; x_wconf 90' lang='lat' dir='ltr'><strong>populi:</strong></span> <span class='ocrx_word' id='word_1_225' title='bbox 1291 2046 1463 2090; x_wconf 89' lang='lat' dir='ltr'><strong>perque</strong></span> <span class='ocrx_word' id='word_1_226' title='bbox 1492 2034 1638 2076; x_wconf 88' lang='lat' dir='ltr'><strong>omnia</strong></span> <span class='ocrx_word' id='word_1_227' title='bbox 1669 2034 1826 2076; x_wconf 91' lang='lat' dir='ltr'><strong>secula</strong></span> <span class='ocrx_word' id='word_1_228' title='bbox 1855 2034 1977 2076; x_wconf 87' lang='lat' dir='ltr'><strong>fama</strong></span> 
     </span>
     <span class='ocr_line' id='line_1_25' title="bbox 810 2113 1993 2172; baseline 0.001 -15"><span class='ocrx_word' id='word_1_229' title='bbox 810 2114 883 2171; x_wconf 90' lang='lat' dir='ltr'><strong>(Si</strong></span> <span class='ocrx_word' id='word_1_230' title='bbox 914 2114 1018 2172; x_wconf 90' lang='lat' dir='ltr'><strong>quid</strong></span> <span class='ocrx_word' id='word_1_231' title='bbox 1045 2113 1213 2156; x_wconf 90' lang='lat' dir='ltr'><strong>habent</strong></span> <span class='ocrx_word' id='word_1_232' title='bbox 1240 2113 1337 2156; x_wconf 89' lang='lat' dir='ltr'><strong>veri</strong></span> <span class='ocrx_word' id='word_1_233' title='bbox 1367 2121 1514 2157; x_wconf 85' lang='lat' dir='ltr'><strong>vatum</strong></span> <span class='ocrx_word' id='word_1_234' title='bbox 1543 2114 1806 2172; x_wconf 86' lang='lat' dir='ltr'><strong>praesagia)</strong></span> <span class='ocrx_word' id='word_1_235' title='bbox 1835 2114 1993 2158; x_wconf 85' lang='lat' dir='ltr'><strong>vivam.</strong></span> 
     </span>
    </p>

    <p class='ocr_par' dir='ltr' id='par_1_9' title="bbox 245 2190 2707 2813">
     <span class='ocr_line' id='line_1_26' title="bbox 467 2190 2706 2252; baseline -0.001 -17"><span class='ocrx_word' id='word_1_236' title='bbox 467 2193 515 2236; x_wconf 90' lang='lat' dir='ltr'><strong>In</strong></span> <span class='ocrx_word' id='word_1_237' title='bbox 546 2193 704 2251; x_wconf 88' lang='lat' dir='ltr'><strong>quibus</strong></span> <span class='ocrx_word' id='word_1_238' title='bbox 734 2194 942 2238; x_wconf 87' lang='lat' dir='ltr'><strong>versibus</strong></span> <span class='ocrx_word' id='word_1_239' title='bbox 974 2201 1064 2237; x_wconf 91' lang='lat' dir='ltr'><strong>tam</strong></span> <span class='ocrx_word' id='word_1_240' title='bbox 1095 2193 1334 2238; x_wconf 88' lang='lat' dir='ltr'><strong>manifesta</strong></span> <span class='ocrx_word' id='word_1_241' title='bbox 1364 2201 1408 2237; x_wconf 89' lang='lat' dir='ltr'><strong>et</strong></span> <span class='ocrx_word' id='word_1_242' title='bbox 1432 2207 1547 2252; x_wconf 88' lang='lat' dir='ltr'><strong>pene</strong></span> <span class='ocrx_word' id='word_1_243' title='bbox 1575 2194 1729 2251; x_wconf 88' lang='lat' dir='ltr'><strong>putida</strong></span> <span class='ocrx_word' id='word_1_244' title='bbox 1758 2194 1941 2237; x_wconf 89' lang='lat' dir='ltr'><strong>imitatio</strong></span> <span class='ocrx_word' id='word_1_245' title='bbox 1970 2194 2088 2236; x_wconf 90' lang='lat' dir='ltr'><strong>inest</strong></span> <span class='ocrx_word' id='word_1_246' title='bbox 2115 2191 2342 2234; x_wconf 87' lang='lat' dir='ltr'><strong>Horatiani</strong></span> <span class='ocrx_word' id='word_1_247' title='bbox 2372 2190 2539 2250; x_wconf 87' lang='lat' dir='ltr'><strong>epilogi</strong></span> <span class='ocrx_word' id='word_1_248' title='bbox 2568 2190 2620 2236; x_wconf 88' lang='lat' dir='ltr'><strong>C.</strong></span> <span class='ocrx_word' id='word_1_249' title='bbox 2636 2192 2706 2244; x_wconf 85' lang='lat'><strong>111,</strong></span> 
     </span>
     <span class='ocr_line' id='line_1_27' title="bbox 248 2271 2707 2331; baseline -0.001 -16"><span class='ocrx_word' id='word_1_250' title='bbox 248 2280 296 2316; x_wconf 90' lang='lat' dir='ltr'><strong>ut</strong></span> <span class='ocrx_word' id='word_1_251' title='bbox 326 2271 461 2330; x_wconf 83' lang='lat' dir='ltr'><strong>digito</strong></span> <span class='ocrx_word' id='word_1_252' title='bbox 485 2273 731 2317; x_wconf 88' lang='lat' dir='ltr'><strong>intendisse</strong></span> <span class='ocrx_word' id='word_1_253' title='bbox 758 2272 963 2318; x_wconf 88' lang='lat' dir='ltr'><strong>sufficiat.</strong></span> <span class='ocrx_word' id='word_1_254' title='bbox 1022 2274 1149 2325; x_wconf 86' lang='lat' dir='ltr'><strong>Quos</strong></span> <span class='ocrx_word' id='word_1_255' title='bbox 1176 2274 1215 2318; x_wconf 87' lang='lat' dir='ltr'><strong>si</strong></span> <span class='ocrx_word' id='word_1_256' title='bbox 1249 2274 1496 2331; x_wconf 90' lang='lat' dir='ltr'><strong>composuit</strong></span> <span class='ocrx_word' id='word_1_257' title='bbox 1526 2273 1734 2330; x_wconf 87' lang='lat' dir='ltr'><strong>Ovidius,</strong></span> <span class='ocrx_word' id='word_1_258' title='bbox 1772 2273 1910 2318; x_wconf 88' lang='lat' dir='ltr'><strong>multo</strong></span> <span class='ocrx_word' id='word_1_259' title='bbox 1947 2272 2129 2316; x_wconf 86' lang='lat' dir='ltr'><strong>inferior</strong></span> <span class='ocrx_word' id='word_1_260' title='bbox 2162 2272 2305 2316; x_wconf 89' lang='lat' dir='ltr'><strong>Statio</strong></span> <span class='ocrx_word' id='word_1_261' title='bbox 2343 2271 2601 2314; x_wconf 90' lang='lat' dir='ltr'><strong>censendus</strong></span> <span class='ocrx_word' id='word_1_262' title='bbox 2641 2279 2707 2313; x_wconf 92' lang='lat' dir='ltr'><strong>est</strong></span> 
     </span>
     <span class='ocr_line' id='line_1_28' title="bbox 248 2351 2706 2414; baseline -0.001 -17"><span class='ocrx_word' id='word_1_263' title='bbox 248 2354 438 2398; x_wconf 88' lang='lat' dir='ltr'><strong>eandem</strong></span> <span class='ocrx_word' id='word_1_264' title='bbox 470 2356 734 2398; x_wconf 89' lang='lat' dir='ltr'><strong>sententiam</strong></span> <span class='ocrx_word' id='word_1_265' title='bbox 763 2355 1099 2414; x_wconf 83' lang='lat' dir='ltr'><strong>elegantissime</strong></span> <span class='ocrx_word' id='word_1_266' title='bbox 1129 2355 1331 2399; x_wconf 86' lang='lat' dir='ltr'><strong>efferenti</strong></span> <span class='ocrx_word' id='word_1_267' title='bbox 1359 2363 1556 2399; x_wconf 81' lang='lat' dir='ltr'><strong>extremo</strong></span> <span class='ocrx_word' id='word_1_268' title='bbox 1587 2353 1612 2397; x_wconf 94' lang='lat' dir='ltr'><strong>l.</strong></span> <span class='ocrx_word' id='word_1_269' title='bbox 1642 2356 1726 2399; x_wconf 87' lang='lat' dir='ltr'><strong>XII</strong></span> <span class='ocrx_word' id='word_1_270' title='bbox 1754 2355 2021 2399; x_wconf 89' lang='lat' dir='ltr'><strong>Thebaidos.</strong></span> <span class='ocrx_word' id='word_1_271' title='bbox 2079 2353 2169 2397; x_wconf 87' lang='lat' dir='ltr'><strong>Sed</strong></span> <span class='ocrx_word' id='word_1_272' title='bbox 2200 2351 2328 2408; x_wconf 88' lang='lat' dir='ltr'><strong>plura</strong></span> <span class='ocrx_word' id='word_1_273' title='bbox 2357 2360 2463 2395; x_wconf 86' lang='lat' dir='ltr'><strong>sunt</strong></span> <span class='ocrx_word' id='word_1_274' title='bbox 2489 2365 2605 2409; x_wconf 88' lang='lat' dir='ltr'><strong>quae</strong></span> <span class='ocrx_word' id='word_1_275' title='bbox 2632 2366 2706 2395; x_wconf 90' lang='lat' dir='ltr'><strong>su-</strong></span> 
     </span>
     <span class='ocr_line' id='line_1_29' title="bbox 247 2430 2705 2492; baseline -0.001 -16"><span class='ocrx_word' id='word_1_276' title='bbox 247 2434 506 2490; x_wconf 45' lang='lat' dir='ltr'><strong>spicionemx</strong></span> <span class='ocrx_word' id='word_1_277' title='bbox 540 2442 745 2479; x_wconf 88' lang='lat' dir='ltr'><strong>moveant</strong></span> <span class='ocrx_word' id='word_1_278' title='bbox 781 2449 977 2492; x_wconf 88' lang='lat' dir='ltr'><strong>pannum</strong></span> <span class='ocrx_word' id='word_1_279' title='bbox 1017 2435 1138 2478; x_wconf 86' lang='lat' dir='ltr'><strong>hunc</strong></span> <span class='ocrx_word' id='word_1_280' title='bbox 1173 2444 1375 2479; x_wconf 89' lang='lat' dir='ltr'><strong>assutum</strong></span> <span class='ocrx_word' id='word_1_281' title='bbox 1414 2448 1518 2477; x_wconf 89' lang='lat' dir='ltr'><strong>esse</strong></span> <span class='ocrx_word' id='word_1_282' title='bbox 1555 2434 1742 2477; x_wconf 87' lang='lat' dir='ltr'><strong>mirabili</strong></span> <span class='ocrx_word' id='word_1_283' title='bbox 1777 2436 1921 2491; x_wconf 90' lang='lat' dir='ltr'><strong>operi.</strong></span> <span class='ocrx_word' id='word_1_284' title='bbox 1990 2436 2115 2484; x_wconf 85' lang='lat' dir='ltr'><strong>Quae</strong></span> <span class='ocrx_word' id='word_1_285' title='bbox 2150 2430 2380 2489; x_wconf 83' lang='lat' dir='ltr'><strong>proferam</strong></span> <span class='ocrx_word' id='word_1_286' title='bbox 2416 2432 2705 2488; x_wconf 86' lang='lat' dir='ltr'><strong>attingendae</strong></span> 
     </span>
     <span class='ocr_line' id='line_1_30' title="bbox 246 2511 2704 2573; baseline -0.002 -16"><span class='ocrx_word' id='word_1_287' title='bbox 246 2515 394 2569; x_wconf 87' lang='lat' dir='ltr'><strong>potius</strong></span> <span class='ocrx_word' id='word_1_288' title='bbox 418 2528 549 2572; x_wconf 90' lang='lat' dir='ltr'><strong>quam</strong></span> <span class='ocrx_word' id='word_1_289' title='bbox 578 2513 882 2559; x_wconf 84' lang='lat' dir='ltr'><strong>absolvendae</strong></span> <span class='ocrx_word' id='word_1_290' title='bbox 911 2516 1187 2573; x_wconf 88' lang='lat' dir='ltr'><strong>quaestionis</strong></span> <span class='ocrx_word' id='word_1_291' title='bbox 1214 2529 1367 2559; x_wconf 88' lang='lat' dir='ltr'><strong>causa.</strong></span> <span class='ocrx_word' id='word_1_292' title='bbox 1424 2515 1612 2558; x_wconf 88' lang='lat' dir='ltr'><strong>Primum</strong></span> <span class='ocrx_word' id='word_1_293' title='bbox 1642 2515 1760 2558; x_wconf 92' lang='lat' dir='ltr'><strong>enim</strong></span> <span class='ocrx_word' id='word_1_294' title='bbox 1788 2516 1886 2557; x_wconf 91' lang='lat' dir='ltr'><strong>iure</strong></span> <span class='ocrx_word' id='word_1_295' title='bbox 1914 2515 2109 2569; x_wconf 87' lang='lat' dir='ltr'><strong>miraris,</strong></span> <span class='ocrx_word' id='word_1_296' title='bbox 2148 2513 2437 2556; x_wconf 85' lang='lat' dir='ltr'><strong>Heinsianam</strong></span> <span class='ocrx_word' id='word_1_297' title='bbox 2459 2511 2704 2555; x_wconf 88' lang='lat' dir='ltr'><strong>annotatio-</strong></span> 
     </span>
     <span class='ocr_line' id='line_1_31' title="bbox 245 2591 2704 2652; baseline -0.001 -16"><span class='ocrx_word' id='word_1_298' title='bbox 245 2607 347 2637; x_wconf 89' lang='lat' dir='ltr'><strong>nem</strong></span> <span class='ocrx_word' id='word_1_299' title='bbox 376 2603 481 2638; x_wconf 90' lang='lat' dir='ltr'><strong>ante</strong></span> <span class='ocrx_word' id='word_1_300' title='bbox 511 2596 596 2639; x_wconf 86' lang='lat' dir='ltr'><strong>hos</strong></span> <span class='ocrx_word' id='word_1_301' title='bbox 624 2597 751 2652; x_wconf 90' lang='lat' dir='ltr'><strong>ipsos</strong></span> <span class='ocrx_word' id='word_1_302' title='bbox 782 2609 946 2640; x_wconf 86' lang='lat' dir='ltr'><strong>versus</strong></span> <span class='ocrx_word' id='word_1_303' title='bbox 983 2596 1217 2649; x_wconf 87' lang='lat' dir='ltr'><strong>desinere,</strong></span> <span class='ocrx_word' id='word_1_304' title='bbox 1262 2596 1388 2639; x_wconf 88' lang='lat' dir='ltr'><strong>cuius</strong></span> <span class='ocrx_word' id='word_1_305' title='bbox 1424 2596 1490 2639; x_wconf 90' lang='lat' dir='ltr'><strong>rei</strong></span> <span class='ocrx_word' id='word_1_306' title='bbox 1531 2593 1695 2637; x_wconf 87' lang='lat' dir='ltr'><strong>nullam</strong></span> <span class='ocrx_word' id='word_1_307' title='bbox 1733 2607 1918 2638; x_wconf 86' lang='lat' dir='ltr'><strong>causam</strong></span> <span class='ocrx_word' id='word_1_308' title='bbox 1962 2593 2106 2636; x_wconf 90' lang='lat' dir='ltr'><strong>reddit</strong></span> <span class='ocrx_word' id='word_1_309' title='bbox 2142 2592 2448 2645; x_wconf 87' lang='lat' dir='ltr'><strong>Burmannus,</strong></span> <span class='ocrx_word' id='word_1_310' title='bbox 2491 2591 2565 2649; x_wconf 89' lang='lat' dir='ltr'><strong>qui</strong></span> <span class='ocrx_word' id='word_1_311' title='bbox 2605 2591 2704 2647; x_wconf 83' lang='lat' dir='ltr'><strong>ipse</strong></span> 
     </span>
     <span class='ocr_line' id='line_1_32' title="bbox 248 2672 2705 2734; baseline -0.001 -18"><span class='ocrx_word' id='word_1_312' title='bbox 248 2687 482 2731; x_wconf 85' lang='lat' dir='ltr'><strong>perpauca</strong></span> <span class='ocrx_word' id='word_1_313' title='bbox 509 2689 596 2719; x_wconf 88' lang='lat' dir='ltr'><strong>nec</strong></span> <span class='ocrx_word' id='word_1_314' title='bbox 625 2683 871 2720; x_wconf 85' lang='lat' dir='ltr'><strong>memoratu</strong></span> <span class='ocrx_word' id='word_1_315' title='bbox 899 2678 1035 2734; x_wconf 84' lang='lat' dir='ltr'><strong>digna</strong></span> <span class='ocrx_word' id='word_1_316' title='bbox 1065 2684 1262 2720; x_wconf 84' lang='lat' dir='ltr'><strong>annotat.</strong></span> <span class='ocrx_word' id='word_1_317' title='bbox 1319 2676 1493 2718; x_wconf 90' lang='lat' dir='ltr'><strong>Deinde</strong></span> <span class='ocrx_word' id='word_1_318' title='bbox 1521 2677 1560 2718; x_wconf 89' lang='lat' dir='ltr'><strong>si</strong></span> <span class='ocrx_word' id='word_1_319' title='bbox 1591 2687 1751 2717; x_wconf 88' lang='lat' dir='ltr'><strong>versus</strong></span> <span class='ocrx_word' id='word_1_320' title='bbox 1773 2681 1877 2716; x_wconf 88' lang='lat' dir='ltr'><strong>sunt</strong></span> <span class='ocrx_word' id='word_1_321' title='bbox 1895 2673 2036 2715; x_wconf 86' lang='lat' dir='ltr'><strong>Ovidii</strong></span> <span class='ocrx_word' id='word_1_322' title='bbox 2068 2673 2182 2715; x_wconf 91' lang='lat' dir='ltr'><strong>duos</strong></span> <span class='ocrx_word' id='word_1_323' title='bbox 2212 2681 2347 2729; x_wconf 90' lang='lat' dir='ltr'><strong>poeta</strong></span> <span class='ocrx_word' id='word_1_324' title='bbox 2362 2672 2471 2715; x_wconf 81' lang='lat' dir='ltr'><strong>fecit</strong></span> <span class='ocrx_word' id='word_1_325' title='bbox 2488 2672 2705 2729; x_wconf 87' lang='lat' dir='ltr'><strong>epilogos,</strong></span> 
     </span>
     <span class='ocr_line' id='line_1_33' title="bbox 245 2751 2081 2813; baseline 0 -19"><span class='ocrx_word' id='word_1_326' title='bbox 245 2751 360 2795; x_wconf 88' lang='lat' dir='ltr'><strong>alter</strong></span> <span class='ocrx_word' id='word_1_327' title='bbox 388 2753 503 2796; x_wconf 89' lang='lat' dir='ltr'><strong>enim</strong></span> <span class='ocrx_word' id='word_1_328' title='bbox 533 2752 637 2799; x_wconf 89' lang='lat' dir='ltr'><strong>huic</strong></span> <span class='ocrx_word' id='word_1_329' title='bbox 665 2755 908 2813; x_wconf 89' lang='lat' dir='ltr'><strong>praecedit.</strong></span> <span class='ocrx_word' id='word_1_330' title='bbox 966 2755 1078 2799; x_wconf 92' lang='lat' dir='ltr'><strong>Tum</strong></span> <span class='ocrx_word' id='word_1_331' title='bbox 1106 2756 1151 2798; x_wconf 91' lang='lat' dir='ltr'><strong>in</strong></span> <span class='ocrx_word' id='word_1_332' title='bbox 1182 2754 1328 2797; x_wconf 90' lang='lat' dir='ltr'><strong>multis</strong></span> <span class='ocrx_word' id='word_1_333' title='bbox 1358 2755 1491 2800; x_wconf 86' lang='lat' dir='ltr'><strong>codd.</strong></span> <span class='ocrx_word' id='word_1_334' title='bbox 1518 2755 1694 2796; x_wconf 89' lang='lat' dir='ltr'><strong>accedit</strong></span> <span class='ocrx_word' id='word_1_335' title='bbox 1722 2754 1944 2797; x_wconf 89' lang='lat' dir='ltr'><strong>distichon</strong></span> <span class='ocrx_word' id='word_1_336' title='bbox 1973 2754 2081 2795; x_wconf 84' lang='lat' dir='ltr'><strong>hoc:</strong></span> 
     </span>
    </p>

    <p class='ocr_par' dir='ltr' id='par_1_10' title="bbox 804 2835 1982 2976">
     <span class='ocr_line' id='line_1_34' title="bbox 804 2835 1901 2892; baseline -0.003 -11"><span class='ocrx_word' id='word_1_337' title='bbox 804 2836 882 2881; x_wconf 88' lang='lat' dir='ltr'><strong>Bis</strong></span> <span class='ocrx_word' id='word_1_338' title='bbox 912 2850 996 2881; x_wconf 82' lang='lat' dir='ltr'><strong>sex</strong></span> <span class='ocrx_word' id='word_1_339' title='bbox 1025 2837 1228 2880; x_wconf 90' lang='lat' dir='ltr'><strong>millenos</strong></span> <span class='ocrx_word' id='word_1_340' title='bbox 1256 2849 1418 2880; x_wconf 84' lang='lat' dir='ltr'><strong>versus</strong></span> <span class='ocrx_word' id='word_1_341' title='bbox 1446 2837 1489 2878; x_wconf 88' lang='lat' dir='ltr'><strong>in</strong></span> <span class='ocrx_word' id='word_1_342' title='bbox 1520 2835 1674 2879; x_wconf 89' lang='lat' dir='ltr'><strong>codice</strong></span> <span class='ocrx_word' id='word_1_343' title='bbox 1703 2836 1901 2892; x_wconf 89' lang='lat' dir='ltr'><strong>scriptos</strong></span> 
     </span>
     <span class='ocr_line' id='line_1_35' title="bbox 947 2916 1982 2976; baseline -0.003 -15"><span class='ocrx_word' id='word_1_344' title='bbox 947 2918 1040 2961; x_wconf 91' lang='lat' dir='ltr'><strong>Sed</strong></span> <span class='ocrx_word' id='word_1_345' title='bbox 1071 2925 1139 2961; x_wconf 89' lang='lat' dir='ltr'><strong>ter</strong></span> <span class='ocrx_word' id='word_1_346' title='bbox 1168 2919 1359 2976; x_wconf 88' lang='lat' dir='ltr'><strong>quinque</strong></span> <span class='ocrx_word' id='word_1_347' title='bbox 1388 2918 1530 2959; x_wconf 91' lang='lat' dir='ltr'><strong>minus</strong></span> <span class='ocrx_word' id='word_1_348' title='bbox 1556 2917 1754 2959; x_wconf 88' lang='lat' dir='ltr'><strong>continet</strong></span> <span class='ocrx_word' id='word_1_349' title='bbox 1786 2916 1982 2959; x_wconf 78' lang='lat' dir='ltr'><strong>Ovidius,</strong></span> 
     </span>
    </p>

    <p class='ocr_par' dir='ltr' id='par_1_11' title="bbox 246 2993 2708 3216">
     <span class='ocr_line' id='line_1_36' title="bbox 465 2993 2708 3056; baseline -0 -19"><span class='ocrx_word' id='word_1_350' title='bbox 465 2995 595 3038; x_wconf 87' lang='lat' dir='ltr'><strong>Unde</strong></span> <span class='ocrx_word' id='word_1_351' title='bbox 625 2998 785 3040; x_wconf 89' lang='lat' dir='ltr'><strong>saltem</strong></span> <span class='ocrx_word' id='word_1_352' title='bbox 816 3008 1030 3056; x_wconf 88' lang='lat' dir='ltr'><strong>apparet,</strong></span> <span class='ocrx_word' id='word_1_353' title='bbox 1069 2999 1247 3042; x_wconf 89' lang='lat' dir='ltr'><strong>aliunde</strong></span> <span class='ocrx_word' id='word_1_354' title='bbox 1284 3000 1456 3041; x_wconf 87' lang='lat' dir='ltr'><strong>intrusa</strong></span> <span class='ocrx_word' id='word_1_355' title='bbox 1489 3012 1593 3040; x_wconf 90' lang='lat' dir='ltr'><strong>esse</strong></span> <span class='ocrx_word' id='word_1_356' title='bbox 1634 2998 1795 3054; x_wconf 87' lang='lat' dir='ltr'><strong>aliqua.</strong></span> <span class='ocrx_word' id='word_1_357' title='bbox 1863 2997 2061 3053; x_wconf 89' lang='lat' dir='ltr'><strong>Denique</strong></span> <span class='ocrx_word' id='word_1_358' title='bbox 2104 2998 2148 3038; x_wconf 92' lang='lat' dir='ltr'><strong>in</strong></span> <span class='ocrx_word' id='word_1_359' title='bbox 2189 2998 2341 3039; x_wconf 90' lang='lat' dir='ltr'><strong>verbis</strong></span> <span class='ocrx_word' id='word_1_360' title='bbox 2375 2997 2483 3051; x_wconf 91' lang='lat' dir='ltr'><strong>ipsis</strong></span> <span class='ocrx_word' id='word_1_361' title='bbox 2522 2993 2708 3037; x_wconf 87' lang='lat' dir='ltr'><strong>offendit</strong></span> 
     </span>
     <span class='ocr_line' id='line_1_37' title="bbox 247 3075 2707 3136; baseline -0 -16"><span class='ocrx_word' id='word_1_362' title='bbox 247 3078 434 3135; x_wconf 88' lang='lat' dir='ltr'><strong>ignes,</strong></span> <span class='ocrx_word' id='word_1_363' title='bbox 464 3091 547 3134; x_wconf 90' lang='lat' dir='ltr'><strong>pro</strong></span> <span class='ocrx_word' id='word_1_364' title='bbox 578 3091 666 3135; x_wconf 90' lang='lat' dir='ltr'><strong>quo</strong></span> <span class='ocrx_word' id='word_1_365' title='bbox 695 3079 898 3124; x_wconf 89' lang='lat' dir='ltr'><strong>imbres</strong></span> <span class='ocrx_word' id='word_1_366' title='bbox 927 3079 1125 3124; x_wconf 81' lang='lat' dir='ltr'><strong>voluisse</strong></span> <span class='ocrx_word' id='word_1_367' title='bbox 1154 3080 1458 3124; x_wconf 86' lang='lat' dir='ltr'><strong>Passeratium</strong></span> <span class='ocrx_word' id='word_1_368' title='bbox 1487 3093 1543 3123; x_wconf 82' lang='lat' dir='ltr'><strong>ex</strong></span> <span class='ocrx_word' id='word_1_369' title='bbox 1569 3078 1718 3122; x_wconf 90' lang='lat' dir='ltr'><strong>Burm.</strong></span> <span class='ocrx_word' id='word_1_370' title='bbox 1745 3084 1892 3123; x_wconf 89' lang='lat' dir='ltr'><strong>annot.</strong></span> <span class='ocrx_word' id='word_1_371' title='bbox 1924 3078 1981 3121; x_wconf 90' lang='lat' dir='ltr'><strong>ad</strong></span> <span class='ocrx_word' id='word_1_372' title='bbox 2013 3078 2146 3136; x_wconf 89' lang='lat' dir='ltr'><strong>Prop.</strong></span> <span class='ocrx_word' id='word_1_373' title='bbox 2172 3077 2223 3131; x_wconf 92' lang='lat'><strong>3,</strong></span> <span class='ocrx_word' id='word_1_374' title='bbox 2252 3078 2301 3130; x_wconf 85' lang='grc'><strong>2,</strong></span> <span class='ocrx_word' id='word_1_375' title='bbox 2327 3077 2379 3119; x_wconf 90' lang='grc'><strong>61</strong></span> <span class='ocrx_word' id='word_1_376' title='bbox 2412 3075 2553 3118; x_wconf 89' lang='lat' dir='ltr'><strong>didici.</strong></span> <span class='ocrx_word' id='word_1_377' title='bbox 2607 3076 2707 3119; x_wconf 88' lang='lat' dir='ltr'><strong>Iure</strong></span> 
     </span>
     <span class='ocr_line' id='line_1_38' title="bbox 246 3158 611 3216; baseline -0.005 -14"><span class='ocrx_word' id='word_1_378' title='bbox 246 3159 360 3202; x_wconf 91' lang='lat' dir='ltr'><strong>enim</strong></span> <span class='ocrx_word' id='word_1_379' title='bbox 388 3158 428 3201; x_wconf 90' lang='lat' dir='ltr'><strong>is</strong></span> <span class='ocrx_word' id='word_1_380' title='bbox 454 3164 611 3216; x_wconf 85' lang='lat' dir='ltr'><strong>poeta:</strong></span> 
     </span>
    </p>

    <p class='ocr_par' dir='ltr' id='par_1_12' title="bbox 243 3239 2710 3529">
     <span class='ocr_line' id='line_1_39' title="bbox 721 3239 2004 3290; baseline 0.001 -8"><span class='ocrx_word' id='word_1_381' title='bbox 721 3285 730 3290; x_wconf 63' lang='grc'><strong><em>,</em></strong></span> <span class='ocrx_word' id='word_1_382' title='bbox 803 3239 894 3283; x_wconf 90' lang='lat' dir='ltr'><strong>Aut</strong></span> <span class='ocrx_word' id='word_1_383' title='bbox 921 3240 1005 3285; x_wconf 90' lang='lat' dir='ltr'><strong>illis</strong></span> <span class='ocrx_word' id='word_1_384' title='bbox 1039 3240 1168 3284; x_wconf 86' lang='lat' dir='ltr'><strong>flam</strong></span> <span class='ocrx_word' id='word_1_385' title='bbox 1180 3245 1267 3284; x_wconf 45' lang='lat' dir='ltr'><strong>ma*</strong></span> <span class='ocrx_word' id='word_1_386' title='bbox 1287 3248 1364 3284; x_wconf 91' lang='lat' dir='ltr'><strong>aut</strong></span> <span class='ocrx_word' id='word_1_387' title='bbox 1391 3240 1531 3284; x_wconf 91' lang='lat' dir='ltr'><strong>imber</strong></span> <span class='ocrx_word' id='word_1_388' title='bbox 1558 3240 1779 3284; x_wconf 87' lang='lat' dir='ltr'><strong>subducet</strong></span> <span class='ocrx_word' id='word_1_389' title='bbox 1807 3239 2004 3283; x_wconf 89' lang='lat' dir='ltr'><strong>honores</strong></span> 
     </span>
     <span class='ocr_line' id='line_1_40' title="bbox 243 3319 2710 3378; baseline -0.002 -12"><span class='ocrx_word' id='word_1_390' title='bbox 243 3336 397 3366; x_wconf 89' lang='lat' dir='ltr'><strong>verum</strong></span> <span class='ocrx_word' id='word_1_391' title='bbox 427 3322 511 3366; x_wconf 91' lang='lat' dir='ltr'><strong>sub</strong></span> <span class='ocrx_word' id='word_1_392' title='bbox 549 3320 700 3363; x_wconf 90' lang='lat' dir='ltr'><strong>Iovis</strong></span> <span class='ocrx_word' id='word_1_393' title='bbox 737 3319 817 3362; x_wconf 84' lang='lat' dir='ltr'><strong>ira</strong></span> <span class='ocrx_word' id='word_1_394' title='bbox 845 3320 933 3363; x_wconf 91' lang='lat' dir='ltr'><strong>iam</strong></span> <span class='ocrx_word' id='word_1_395' title='bbox 979 3321 1136 3377; x_wconf 85' lang='lat' dir='ltr'><strong>ignes</strong></span> <span class='ocrx_word' id='word_1_396' title='bbox 1174 3319 1445 3378; x_wconf 89' lang='lat' dir='ltr'><strong>intelligendi</strong></span> <span class='ocrx_word' id='word_1_397' title='bbox 1486 3321 1701 3365; x_wconf 83' lang='lat' dir='ltr'><strong>videntur.</strong></span> <span class='ocrx_word' id='word_1_398' title='bbox 1768 3320 1878 3364; x_wconf 92' lang='lat' dir='ltr'><strong>Tum</strong></span> <span class='ocrx_word' id='word_1_399' title='bbox 1915 3321 2106 3365; x_wconf 89' lang='lat' dir='ltr'><strong>eundem</strong></span> <span class='ocrx_word' id='word_1_400' title='bbox 2148 3327 2192 3362; x_wconf 88' lang='lat' dir='ltr'><strong>et</strong></span> <span class='ocrx_word' id='word_1_401' title='bbox 2229 3324 2491 3375; x_wconf 87' lang='lat' dir='ltr'><strong>sequentem</strong></span> <span class='ocrx_word' id='word_1_402' title='bbox 2529 3331 2710 3362; x_wconf 85' lang='lat' dir='ltr'><strong>versum</strong></span> 
     </span>
     <span class='ocr_line' id='line_1_41' title="bbox 243 3396 2710 3458; baseline -0.002 -12"><span class='ocrx_word' id='word_1_403' title='bbox 243 3400 522 3446; x_wconf 88' lang='lat' dir='ltr'><strong>Albertinum</strong></span> <span class='ocrx_word' id='word_1_404' title='bbox 567 3400 818 3445; x_wconf 87' lang='lat' dir='ltr'><strong>Mussatum</strong></span> <span class='ocrx_word' id='word_1_405' title='bbox 864 3399 1096 3458; x_wconf 89' lang='lat' dir='ltr'><strong>Epistolae</strong></span> <span class='ocrx_word' id='word_1_406' title='bbox 1128 3399 1274 3445; x_wconf 85' lang='lat' dir='ltr'>XVIII</span> <span class='ocrx_word' id='word_1_407' title='bbox 1306 3401 1552 3446; x_wconf 86' lang='lat' dir='ltr'><strong>intexuisse</strong></span> <span class='ocrx_word' id='word_1_408' title='bbox 1592 3415 1620 3445; x_wconf 92' lang='lat' dir='ltr'><strong>a</strong></span> <span class='ocrx_word' id='word_1_409' title='bbox 1658 3401 1915 3446; x_wconf 88' lang='lat' dir='ltr'><strong>Burmanno</strong></span> <span class='ocrx_word' id='word_1_410' title='bbox 1955 3402 2183 3450; x_wconf 88' lang='lat' dir='ltr'><strong>docemur,</strong></span> <span class='ocrx_word' id='word_1_411' title='bbox 2226 3398 2270 3441; x_wconf 92' lang='lat' dir='ltr'><strong>id</strong></span> <span class='ocrx_word' id='word_1_412' title='bbox 2303 3397 2424 3455; x_wconf 89' lang='lat' dir='ltr'><strong>quod</strong></span> <span class='ocrx_word' id='word_1_413' title='bbox 2460 3396 2710 3456; x_wconf 88' lang='lat' dir='ltr'><strong>diligentius</strong></span> 
     </span>
     <span class='ocr_line' id='line_1_42' title="bbox 2179 3486 2207 3529; baseline 0 0"><span class='ocrx_word' id='word_1_414' title='bbox 2179 3486 2207 3529; x_wconf 84' lang='grc'>4</span> 
     </span>
    </p>
   </div>
  </div>
 </body>
</html>
