3008 3764
1289 104 1664 163 -23-

240 268 437 327 potuerit
463 282 554 314 non
581 266 715 313 fateri
744 266 830 312 dic
862 279 968 311 esse
996 275 1277 309 communem
1303 260 1552 307 lectionem.
1611 261 1811 316 „Omnes
1839 261 2030 307 omnium
2059 261 2189 306 codd.
2219 262 2307 307 dic
2338 261 2538 307 habent“
2573 260 2704 306 Bent-

240 348 353 393 leius
381 348 572 394 affirmat
601 355 646 394 et
674 347 947 393 Sanadonus
976 344 1020 387 in
1049 343 1119 389 611
1152 342 1284 387 1735:
1316 343 1443 397 „da,
1468 342 1621 401 inquit,
1652 349 1722 387 est
1749 341 1883 396 lecon
1914 340 2073 386 d’Alde
2102 341 2325 394 Manucc,
2370 343 2480 386 mais
2515 341 2606 386 dic
2636 350 2707 387 est

241 428 357 474 celle
391 430 473 475 des
502 428 794 480 manuscrits,
824 426 908 469 des
934 424 1180 468 aucienues
1216 423 1407 468 editions
1436 430 1481 468 et
1511 424 1566 468 de
1604 422 1716 467 trois
1751 420 1854 479 plus
1894 427 2152 467 recentes.“
2210 421 2288 466 Sui
2316 421 2356 465 si
2385 422 2705 467 dissensissent

237 508 357 563 libri,
391 509 519 555 aliter
557 506 783 565 Gruquius
820 503 1029 563 loquutus
1067 510 1203 549 esset.
1265 503 1495 562 Attingam
1547 509 1697 548 autem
1741 501 1916 546 rariora
1961 502 2180 560 quaedam
2223 501 2396 560 utrique
2442 503 2703 556 communia,

238 589 362 634 velut
387 605 518 634 usum
545 585 803 645 praesentis
832 583 1036 629 historici
1065 584 1110 628 in
1137 583 1263 628 brevi
1301 584 1369 628 rei
1401 583 1673 640 praeteritae
1714 581 2038 639 significatione
2079 597 2164 639 per
2199 596 2444 638 pronomen
2471 580 2703 627 relativum

236 671 493 723 interiecta,
522 682 653 726 quem
682 666 936 724 Madvigius
965 665 1135 722 primus
1164 664 1424 708 observavit
1450 664 1493 706 in
1525 664 1631 707 illis:
1669 671 1880 706 amator
1922 662 2167 721 Originis
2204 661 2299 705 ille
2334 662 2425 720 qui
2466 664 2703 720 patriam

235 751 424 794 mimae
454 750 623 791 donat
651 755 697 789 et
722 746 848 789 Cum
878 745 1102 788 Ilionam
1131 745 1365 788 cdormit
1390 745 1459 799 (S.
1492 745 1537 800 l,
1567 745 1618 796 2,
1647 743 1715 786 56.
1745 744 1787 796 2,
1817 743 1859 796 3,
1888 743 1974 793 61.)
2004 742 2117 786 male
2167 743 2270 786 olim
2312 744 2369 785 ad
2405 758 2606 800 syncopa
2634 759 2703 787 re-

233 830 350 875 latis.
376 827 660 886 EtitaVerg.
678 828 791 871 Aen.
811 827 854 880 6,
872 826 953 869 792
970 826 1241 884 tibiquem
1268 824 1515 882 promitti
1544 824 1776 879 saepius
1807 823 2082 876 aludis311,
2116 823 2219 865 1723
2254 823 2452 880 Magna
2468 832 2703 879 tropaea

235 909 427 953 ferunt
453 922 591 965 quos
622 908 713 951 dat
740 915 831 950 tua
860 906 1090 948 dextera
1118 904 1233 948 leto
1252 905 1412 961 bisque
1432 904 1475 946 in
1503 903 1614 947 libro
1642 918 1776 947 110110.
1834 901 1904 946 Cf.
1930 904 2060 947 etiam
2097 903 2321 961 Schopen.
2348 903 2489 961 praet.
2520 903 2701 948 Catonis

234 988 395 1033 Naekii
410 988 453 1031 in
468 987 567 1032 fine.
597 988 708 1032 Tum
726 986 961 1030 collocatio
978 986 1216 1030 verborum
1228 985 1497 1043 apudVerg.
1514 986 1623 1030 Buc.
1643 985 1685 1038 2,
1706 984 1818 1027 init.:
1845 984 1943 1028 Hic
1960 986 2097 1028 inter
2118 986 2318 1029 densos
2340 986 2591 1029 umbrosa
2617 1000 2700 1029 ca-

236 1068 442 1113 cumina
474 1068 525 1111 fa
538 1081 634 1125 gos
653 1080 774 1111 nova
792 1066 932 1109 videri
952 1072 1118 1122 potest,
1142 1078 1273 1123 quam
1299 1066 1476 1122 repetiit
1488 1065 1597 1109 Buc.
1613 1064 1722 1119 9,9:
1753 1073 1964 1118 „veteres
1987 1065 2074 1108 iam
2099 1065 2246 1109 fracta
2272 1067 2510 1109 cacumina
2523 1065 2700 1123 fagos,“

237 1157 391 1195 cetera
406 1151 520 1193 enim
540 1146 740 1204 exempla
761 1146 881 1203 apud
894 1146 1108 1203 Wagner.
1119 1160 1159 1189 v.
1170 1145 1229 1192 cl.
1247 1145 1435 1196 Quaest.
1452 1145 1588 1203 Verg.
1598 1145 1805 1199 XXXIII,
1818 1144 1846 1188 3
1870 1146 1898 1188 d
1920 1159 2010 1189 non
2023 1160 2211 1202 prorsus
2230 1145 2390 1189 similia
2410 1153 2525 1191 sunt.
2549 1146 2699 1190 Potius

236 1231 404 1273 addere
423 1236 602 1285 poterat
623 1224 917 1278 Aen.3‚304:
947 1233 1001 1268 et
1029 1226 1278 1282 geminas
1304 1239 1523 1269 causam
1551 1226 1801 1269 lacrimis
1830 1228 2155 1270 sac'raverat
2183 1240 2319 1270 aras.
2348 1226 2538 1269 Accedo
2553 1233 2698 1269 autem

235 1310 438 1368 Spohnio
454 1316 498 1351 et
516 1306 694 1360 Jahnio,
708 1307 780 1363 qui
799 1313 1017 1350 commate
1039 1306 1303 1363 interposito
1318 1307 1457 1349 verba
1471 1306 1650 1350 secerni
1663 1314 1831 1359 vetant,
1848 1321 1935 1364 quo
1953 1307 1990 1350 si
2010 1313 2267 1350 constanter
2290 1307 2351 1349 uti
2366 1306 2583 1357 volueris,
2597 1305 2698 1348 Ovi-

237 1392 369 1435 diana
388 1388 515 1433 verbi
539 1401 676 1431 causa
698 1386 867 1432 Medic.
894 1385 984 1429 fac.
1010 1386 1061 1429 ll
1083 1387 1356 1444 antiquae,
1384 1386 1534 1430 Tatio
1564 1387 1663 1430 sub
1694 1400 1848 1444 rege,
1880 1388 2123 1431 Sabinae
2146 1388 2228 1440 sic,
2247 1395 2295 1431 ut
2309 1386 2516 1438 fecimus,
2543 1386 2699 1429 distin-

242 1469 423 1529 guenda
453 1476 594 1512 6111111.
654 1466 798 1516 Quam
817 1467 1056 1511 verborum
1087 1465 1429 1510 collocationem
1457 1466 1669 1511 Horatius
1695 1467 1870 1510 demum
1899 1469 1942 1511 in
1972 1467 2131 1511 ultimis
2161 1482 2275 1523 quae
2302 1468 2438 1510 edidit
2466 1465 2696 1522 opusculis

235 1549 445 1593 adhibuit.
502 1547 615 1589 Nam
646 1554 940 1602 posteaquam
967 1547 1114 1602 posuit
1141 1544 1192 1592 C.
1224 1546 1269 1598 4,
1299 1545 1328 1588 8
1354 1554 1467 1588 extr.
1498 1546 1705 1590 clarum
1735 1547 2095 1603 Tyndaridae
2132 1562 2297 1604 genus
2328 1556 2372 1590 et
2401 1548 2520 1603 Epp.
2557 1548 2595 1599 l,
2627 1546 2694 1599 18,

238 1630 321 1672 104
359 1627 577 1686 gelidus
618 1626 879 1683 Digentia
923 1628 1079 1669 rivus
1123 1627 1373 1668 secundum
1407 1626 1667 1682 Vergiliana
1713 1616 1950 1671 delicias
1995 1627 2341 1684 Amaryllida
2387 1636 2613 1670 nostras
2650 1637 2694 1670 et

234 1713 481 1767 ignavum
513 1708 675 1750 >fucos
715 1720 886 1763 pecus
917 1707 1288 1764 quemadmodum
1319 1706 1395 1750 Sil.
1424 1707 1478 1759 8,
1510 1708 1584 1749 17:
1645 1708 2004 1767 Vaniloquum
2047 1710 2235 1752 Celtae
2277 1723 2472 1766 genus,
2514 1710 2695 1764 scripsit

234 1790 344 1847 Epp.
374 1789 421 1842 2,
460 1788 507 1841 l,
536 1786 644 1830 234:
687 1785 910 1830 rettulit
945 1795 1214 1844 acceptos
1248 1785 1440 1845 regale
1477 1787 1733 1830 nomisma
1764 1787 2063 1845 Philippos.
2122 1787 2305 1830 Ovidius
2334 1786 2606 1830 abstinuisse
2634 1787 2693 1830 vi·

235 1871 364 1913 detur
390 1869 445 1911 ab
472 1867 560 1910 hoc
589 1865 799 1926 exegesis
822 1878 1014 1922 genere,
1045 1866 1167 1922 quod
1193 1872 1350 1909 contra
1378 1866 1606 1909 Ausonius
1642 1867 1824 1911 mirifice
1855 1869 2031 1911 amavit.
2091 1867 2263 1911 Voluc
2276 1882 2363 1911 res
2395 1867 2694 1909 stridentia

232 1950 346 1993 tela
370 1949 599 2003 sagittas
629 1946 778 2004 Epigr.
811 1946 851 1999 l,
890 1946 958 1990 11.
1013 1945 1174 1989 Iliaci
1201 1946 1480 2003 Neptunia
1507 1948 1723 1991 moenia
1762 1948 1902 1991 muri
1938 1948 2057 2004 Epp.
2087 1949 2142 2000 4,
2173 1948 2224 1989 21
2258 1947 2310 1991 61.
2340 1947 2409 1991 34.
2437 1946 2507 1990 67.
2537 1946 2590 1998 6,
2624 1946 2689 1989 19.

232 2030 274 2081 8,
310 2028 377 2072 15.
405 2026 527 2085 Idyll.
551 2026 594 2078 6,
626 2026 663 2068 9.
696 2025 874 2069 Mosell.
904 2026 971 2069 25.
1000 2025 1068 2069 76.
1101 2025 1311 2070 125.177.
1341 2025 1416 2070 Sil.
1443 2025 1510 2080 13,
1539 2025 1623 2069 680
1651 2027 1849 2071 venale
1880 2028 2136 2071 cohortes
2160 2027 2167 2086 Ι
2188 2027 2462 2085 Hispanae
2494 2027 2694 2084 volgus

232 2112 307 2154 ubi
337 2108 626 2165 interpositus
665 2107 963 2150 nominativus
1000 2108 1195 2164 genetivi
1247 2107 1393 2151 vicem
1443 2107 1620 2150 obtinet.
1677 2108 1943 2151 Samonicus
1992 2122 2167 2165 quoque
2196 2107 2302 2150 958:
2361 2108 2436 2150 Ne
2478 2110 2694 2165 prosint

233 2189 436 2248 placidi
479 2186 747 2232 coelestia
787 2201 1011 2231 munera
1034 2187 1220 2231 somni.
1277 2186 1523 2231 Paullulum
1560 2187 1705 2231 variat
1739 2186 1838 2231 val.
1878 2187 2072 2232 Flaccus
2113 2187 2161 2240 2,
2200 2187 2305 2231 653:
2351 2203 2522 2245 pares
2575 2189 2691 2245 pri-

233 2285 423 2317 maeva
465 2268 700 2313 ministri
751 2266 1004 2326 Corpora
1041 2268 1229 2327 ipseque
1278 2268 1504 2314 Ausonius
1531 2267 1646 2325 Epp.
1674 2267 1724 2322 6,
1765 2267 1818 2311 19
1856 2269 2045 2326 regale
2095 2269 2356 2313 nomisma
2398 2268 2689 2327 Philippos

235 2354 289 2398 cl.
323 2352 398 2405 18,
423 2352 463 2394 5.

451 2430 677 2487 Apparet,
707 2426 870 2470 nullam
903 2440 1018 2485 quae
1053 2428 1235 2484 proprie
1263 2428 1445 2480 dicitur,
1483 2427 1765 2472 imitationem
1794 2428 1965 2472 Horatii
1995 2429 2128 2471 statui
2157 2442 2296 2485 posse
2324 2443 2412 2472 nec
2446 2429 2687 2486 Vergilium

231 2512 481 2568 sumpsisse
508 2509 593 2553 nisi
622 2521 767 2564 pauca
796 2508 853 2551 ab
884 2506 972 2551 illo.
1032 2507 1135 2558 Quo
1162 2506 1406 2552 rettulerim
1445 2507 1615 2552 Horatii
1644 2507 1928 2552 Martiales
1962 2508 2120 2565 lupos
2152 2507 2188 2552 C
2216 2508 2264 2560 1,
2300 2509 2378 2559 17,
2405 2507 2433 2552 9
2464 2509 2522 2552 61.
2552 2509 2685 2565 Verg.

232 2595 343 2638 Aen.
372 2591 416 2645 9,
444 2589 543 2636 566.
602 2588 707 2631 Avit
734 2599 881 2630 tamen
911 2588 1083 2631 animus
1109 2595 1289 2632 mutuae
1319 2602 1408 2646 qua
1436 2588 1658 2632 coniuncti
1694 2599 1821 2632 erant
1850 2590 2066 2633 amicitiae
2095 2589 2284 2644 vestigia
2314 2590 2535 2646 quaedam
2564 2590 2683 2632 inda·

230 2688 340 2730 gare
368 2673 412 2715 in
437 2684 590 2713 eorum
620 2668 832 2725 operibus
871 2669 1090 2720 extantia,
1131 2669 1259 2712 cuius
1295 2670 1362 2712 rei
1399 2669 1511 2714 satis
1539 2669 1762 2727 antiquum
1790 2677 1951 2713 testem
1982 2669 2297 2719 Quintilianum
2326 2669 2544 2713 habemus
2574 2670 2602 2711 1.
2634 2669 2683 2710 Ο.

231 2755 275 2806 8,
304 2753 346 2806 3,
380 2752 433 2795 19
461 2764 551 2808 sq.:
583 2749 810 2802 „Risimus
841 2756 885 2791 et
914 2751 1072 2792 merito
1099 2764 1246 2807 nuper
1273 2758 1451 2808 poetam
1479 2752 1550 2809 qui
1580 2751 1752 2794 dixerat

452 2829 734 2874 praetextam
763 2829 805 2873 in
835 2829 951 2871 cista
981 2843 1131 2873 mures
1156 2844 1315 2873 rosere
1345 2830 1514 2874 Camilli

230 2924 275 2961 at
306 2911 491 2971 Vergilii
519 2911 728 2954 miramur
756 2908 862 2953 illud

786 3014 843 3024 —
871 3004 1012 3047 saepe
1040 2992 1229 3048 exiguus
1258 3007 1371 3036 mus.

448 3070 561 3113 Nam
591 3068 821 3127 epitheton
851 3069 1082 3127 exiguus
1111 3078 1263 3129 aptum
1292 3072 1520 3129 proprium
1540 3070 1705 3124 effecit,
1744 3085 1801 3115 ne
1839 3070 1940 3129 plus
1969 3080 2316 3129 expectaremus
2349 3082 2392 3117 et
2422 3085 2557 3116 casus
2588 3072 2679 3114 sin-

230 3153 396 3214 gularis
423 3150 566 3207 magis
599 3150 749 3194 decuit
775 3159 820 3195 et
848 3151 1050 3197 clausula
1080 3152 1182 3209 ipsa
1211 3153 1342 3198 unius
1371 3152 1595 3211 syllabae,
1624 3166 1714 3196 non
1743 3151 1918 3205 usitata,
1948 3152 2117 3197 addidit
2149 3155 2361 3211 gratiam3
2389 3153 2579 3197 imitatus
2611 3162 2681 3197 est

228 3239 376 3294 itaque
403 3241 634 3290 utrumque
662 3230 874 3276 Horatius

782 3334 834 3342 —
866 3319 1083 3357 nascetur
1108 3312 1324 3358 ridiculus
1351 3317 1493 3357 mus.⁶⁶

450 3395 592 3445 Quem
626 3393 770 3435 locum
813 3404 842 3434 a
879 3391 1142 3451 Spaldingio
1187 3394 1331 3438 minus
1375 3393 1644 3438 intellectum
1690 3394 1853 3451 optime
1896 3393 2141 3452 explicavit
2168 3395 2395 3451 Zumptius
2425 3394 2527 3438 Vol.
2563 3395 2612 3437 V.
2629 3410 2675 3452 p.

225 3477 331 3523 379:
389 3474 656 3532 „Proprium
693 3485 804 3516 mus
839 3479 932 3527 est,
967 3474 1088 3532 quod
1124 3480 1173 3517 ut
1210 3480 1359 3532 aptum
1403 3481 1526 3518 esset
1570 3473 1775 3519 effectum
1822 3480 1892 3518 est
1937 3474 2135 3533 epitheto
2184 3474 2423 3532 exiguus
2461 3475 2677 3534 simulque
