3008 3764
1297 103 1644 159 „21-

246 267 505 321 admisisse,
542 269 683 311 minus
714 268 867 310 mirum
896 263 1118 308 videbitur
1145 263 1390 320 reputanti,
1426 262 1590 307 nullam
1622 262 1908 321 epistolarum
1937 263 2288 322 recognitionem
2316 273 2469 307 extare
2510 266 2705 309 omnino-

246 361 332 406 que
374 348 606 408 trisyllaba
642 354 687 391 et
724 344 1058 405 quadrisyllaba
1092 342 1312 385 vocabula
1352 345 1399 385 in
1436 358 1574 388 versu
1616 344 1875 387 hexametro
1909 344 2185 387 librariorum
2221 346 2363 402 pedes
2398 354 2564 388 tantum
2607 360 2697 388 me-

245 429 441 473 tientium
467 428 639 472 incuria
669 425 934 483 saepissime
976 431 1226 481 permutata
1253 423 1415 477 fuisse,
1443 439 1531 482 qua
1556 426 1613 468 de
1642 438 1692 468 re
1723 438 1861 468 aurea
1875 425 2129 468 Marklandi
2157 425 2215 467 ad
2244 425 2373 468 Statii
2392 426 2538 470 Silvas
2569 441 2706 483 prae-

243 508 353 554 fatio
393 517 463 554 est
500 506 791 553 conferenda.
850 505 988 557 Quid,
1019 505 1136 563 quod
1164 505 1209 547 in
1239 505 1468 550 Servianis
1492 508 1550 549 ad
1577 506 1713 564 Verg.
1742 506 1785 549 A
1816 506 1891 559 ll,
1919 507 2001 549 522
2030 507 2241 565 legimus:
2279 507 2492 563 „Moveat
2519 508 2705 565 vulpe·

244 591 370 634 cula
406 590 577 633 risum“
604 602 646 643 p.
674 584 989 630 cornicula?
1035 585 1169 635 Quod
1186 584 1230 631 h.
1255 584 1281 629 l.
1310 599 1364 629 eo
1390 586 1567 631 {acilius
1596 586 1695 630 fieri
1718 588 1880 644 potuit,
1916 589 2033 645 quod
2057 588 2273 644 Babrius,
2307 602 2436 645 quem
2467 588 2707 631 Domitiani

243 670 517 727 temporibus
530 666 740 712 floruisse
758 673 918 712 censet
928 663 1257 723 Lachmannus,
1270 666 1455 711 eandem
1474 665 1670 711 fabulam
1690 666 1746 711 de
1759 665 1892 723 vulpe
1911 679 2025 724 quae
2040 679 2178 711 carne
2198 666 2394 711 vescitur
2412 674 2565 710 narrat
2580 680 2622 710 n.
2636 666 2704 711 86.

245 751 400 808 Itaque
432 747 573 790 altero
602 755 708 804 post
738 746 961 791 Christum
992 745 1150 790 seculo
1193 745 1474 803 vulpeculam
1514 748 1558 790 in
1593 755 1762 790 textum
1799 747 2037 804 irrepsisse
2071 756 2263 791 autumo.
2322 746 2517 791 Maxime
2555 756 2700 792 autem

241 832 284 873 in
316 843 371 872 eo
402 835 524 871 errat
552 828 784 870 Iacobsius
813 829 933 884 quod
961 842 1051 870 non
1067 835 1266 884 reputat,
1296 810 1453 870 sanum
1472 827 1769 870 fabulatorem
1797 827 1923 883 leges
1952 837 2136 870 naturae
2166 841 2400 884 numquam
2423 826 2537 868 ultra
2568 843 2702 870 exce-

243 911 350 953 dere
370 922 500 967 quam
527 909 592 952 rei
620 910 890 952 necessitate
908 909 1095 965 cogitur.
1124 909 1277 967 Itaque
1294 908 1418 962 facit,
1443 915 1491 951 ut
1501 910 1653 951 verbis
1666 908 1826 950 Aviani
1842 908 1915 950 vel
1931 908 2025 951 eius
2042 908 2376 965 interpolatoris
2396 909 2438 949 in
2454 907 2699 950 fabularum

241 989 387 1048 praef.
419 998 611 1043 utamur,
643 989 797 1046 „loqui
826 989 1031 1040 arbores,
1053 987 1178 1032 feras
1209 988 1308 1032 cum
1336 989 1583 1032 hominibus
1608 1001 1811 1044 gemere,
1841 988 1992 1030 verbis
2021 997 2194 1031 certare
2230 988 2466 1043 volucres,
2500 988 2702 1029 animalia

244 1071 423 1115 ridere“
453 1071 570 1115 addo
601 1077 773 1114 montes
803 1069 1046 1127 parturire,
1077 1069 1179 1128 quia
1206 1070 1329 1114 notio
1359 1068 1672 1127 magnitudinis
1700 1067 1787 1110 hac
1818 1067 1862 1109 in
1892 1066 2044 1110 fabula
2062 1068 2269 1125 primaria
2285 1075 2367 1110 est.
2425 1068 2523 1109 Nec
2550 1076 2701 1109 cetera

242 1151 432 1195 lacobsii
460 1151 665 1208 exempla
694 1150 753 1193 ad
769 1148 1047 1207 vulpeculam
1071 1149 1395 1194 defendendam
1412 1150 1574 1193 valent.
1611 1148 1726 1191 Nam
1747 1149 1787 1191 si
1805 1149 1890 1192 bos
1904 1149 2111 1191 invitatur
2130 1148 2301 1191 aleone
2324 1149 2383 1191 ad
2405 1161 2534 1190 ovem
2555 1161 2700 1190 come-

241 1231 429 1274 dendam
466 1229 580 1286 (fab.
609 1229 777 1286 Aesop.
809 1227 924 1286 228)
967 1242 1057 1272 non
1096 1236 1186 1273 tam
1221 1230 1369 1287 agitur
1395 1244 1496 1273 num
1526 1230 1612 1273 bos
1639 1241 1695 1272 ea
1734 1235 1949 1272 vescatur
1986 1242 2138 1272 verum
2181 1243 2283 1272 num
2332 1227 2482 1272 veniat
2529 1241 2614 1270 nec
2663 1230 2701 1271 si

241 1310 314 1355 leo
357 1323 567 1363 vaccam,
607 1308 854 1366 capellam,
899 1322 1028 1353 ovem
1057 1309 1115 1352 ad
1148 1309 1429 1354 venationem
1464 1315 1706 1362 convocat,
1743 1308 1881 1352 cardo
1912 1308 1977 1352 rei
2006 1309 2050 1351 in
2085 1316 2246 1353 venatu
2283 1310 2364 1354 sed
2403 1310 2447 1352 in
2482 1307 2699 1352 societate

238 1391 417 1435 leonina
456 1390 656 1437 vertitur.
719 1389 1016 1448 Similiterque
1057 1404 1108 1435 se
1144 1389 1281 1435 habet
1310 1405 1386 1435 res
1416 1392 1459 1434 in
1486 1390 1593 1448 lupo
1630 1389 1748 1434 tibiis
1788 1396 1994 1433 cantante
2031 1388 2215 1447 aliisque
2250 1388 2438 1439 fabulis,
2481 1401 2593 1446 quas
2630 1387 2698 1431 la-

242 1472 426 1515 cobsius
462 1470 603 1514 affert.
665 1470 868 1528 Denique
895 1471 940 1513 in
970 1484 1024 1513 eo
1064 1469 1230 1513 fallitur
1266 1471 1333 1514 vir
1367 1472 1801 1528 p1·aestantissimuS‚
1841 1471 1961 1528 quod
2000 1471 2171 1527 quaerit
2205 1486 2385 1527 semper
2424 1479 2569 1514 utrum
2609 1470 2696 1514 hoc

240 1552 405 1596 illudve
442 1553 584 1608 magis
626 1552 827 1595 minusve
868 1549 1107 1594 verisimile
1143 1554 1219 1603 sit,
1253 1566 1383 1607 quum
1419 1553 1461 1594 in
1493 1552 1747 1595 Horatianis
1787 1552 1937 1608 potius
1978 1552 2034 1594 de
2072 1566 2122 1595 re
2163 1559 2342 1607 agatur,
2387 1565 2503 1608 quae
2542 1560 2697 1595 contra

240 1642 443 1675 naturam
471 1633 618 1687 vulpis
646 1633 786 1687 ipsius
812 1634 890 1682 sit,
927 1631 1063 1673 veluti
1097 1639 1243 1674 mutos
1280 1633 1430 1687 pisces
1459 1648 1547 1674 non
1578 1631 1712 1674 facile
1739 1632 2049 1674 contionantes
2077 1632 2358 1681 inducemus,
2396 1632 2559 1673 nedum
2598 1646 2695 1674 eos-

240 1715 340 1756 dem
380 1714 424 1754 in
463 1712 609 1755 littore
648 1714 817 1755 eiectos
858 1712 1076 1754 faciamus
1111 1711 1429 1769 colloquentes.
1487 1713 1643 1754 Omisit
1678 1721 1826 1754 autem
1858 1713 1955 1767 ipse
1994 1712 2216 1754 Bentleius
2259 1727 2373 1769 quae
2416 1727 2527 1754 suae
2568 1728 2695 1768 argu-

240 1793 495 1837 mentationi
524 1792 752 1846 faverent,
789 1805 946 1850 parum
974 1799 1078 1849 apte
1107 1792 1339 1835 mustelam
1367 1806 1467 1835 cum
1496 1791 1627 1856 vulpe
1656 1791 1844 1853 colloqui
1872 1792 2220 1849 prudentiusque
2250 1794 2315 1836 sic
2352 1792 2478 1834 finxit
2505 1792 2694 1835 Babrius
2729 1847 2735 1853 .

238 1875 263 1918 l.
293 1874 319 1918 l.
351 1873 470 1930 ἑτέρα
500 1872 537 1918 δ’
570 1872 742 1929 ἀλώπηξ
771 1871 828 1924 ὣς
857 1873 1012 1925 ἐπῆλθε
1042 1871 1277 1930 κλαιούσῃ,
1309 1872 1467 1916 deinde
1505 1881 1651 1915 autem
1680 1872 1938 1915 indecoram
1973 1886 2077 1917 esse
2119 1873 2329 1931 simplicis
2355 1882 2519 1931 poetae
2547 1882 2589 1916 et
2619 1873 2692 1915 fidi

240 1954 369 1997 amici
405 1968 504 1997 cum
539 1951 672 2009 vulpe
708 1952 1107 2009 comparationem,
1147 1952 1421 2009 aptissimam
1451 1959 1608 1996 contra
1642 1951 1863 1996 nitedulae
1907 1952 1934 1994 i.
1978 1966 2019 1998 e.
2057 1953 2229 1998 humilis
2276 1955 2356 1997 viri
2408 1954 2579 1998 ratione
2615 1969 2691 2011 po·

238 2036 370 2078 tentis
397 2033 524 2077 amici
540 2033 704 2077 habita.
747 2033 949 2090 Denique
977 2031 1264 2078 difficultates
1296 2048 1408 2092 quas
1442 2045 1626 2091 propter
1658 2042 1873 2078 tenuem
1906 2033 2088 2078 rimam
2118 2037 2252 2080 movit
2273 2035 2517 2092 BentleiuS‚
2548 2036 2692 2081 omisit

237 2115 467 2159 lacobsius
509 2129 712 2171 prorsus.
775 2113 914 2157 Vides
952 2127 1008 2156 ex
1038 2112 1300 2158 Bentleiana
1338 2115 1719 2173 argumentatione
1748 2114 1853 2159 nihil
1884 2130 1988 2161 esse
2017 2116 2251 2161 refutatum
2278 2118 2335 2161 ab
2366 2118 2550 2174 egregio
2579 2118 2689 2165 viro,

239 2197 309 2239 cui
341 2195 542 2253 equidem
571 2194 764 2239 omnium
795 2194 970 2238 minime
1000 2192 1238 2239 detrahere
1254 2196 1395 2240 ausim
1409 2195 1665 2240 haerentem
1682 2198 1816 2254 capiti
1831 2213 1928 2241 cum
1946 2199 2082 2243 multa
2100 2199 2229 2242 laude
2260 2212 2473 2242 coronam
2488 2199 2547 2255 *).

457 2275 525 2320 De
556 2274 592 2318 B
608 2274 787 2320 oethii
816 2274 1057 2320 imitatione
1070 2290 1187 2320 nunc
1210 2277 1321 2322 satis
1340 2276 1485 2322 habeo
1507 2276 1722 2322 laudasse
1740 2277 1981 2324 Obbarium
1996 2295 2035 2325 v.
2055 2280 2107 2325 cl.
2138 2280 2194 2324 ad
2222 2278 2275 2325 H.
2301 2278 2354 2326 E.
2391 2280 2438 2334 l,
2475 2279 2527 2323 12
2543 2295 2583 2337 p.
2602 2279 2689 2323 159.

458 2355 528 2399 De
558 2353 675 2399 falsa
702 2354 785 2402 rel.
818 2354 895 2409 18,
922 2354 966 2402 4.
1009 2354 1143 2405 Quis
1171 2364 1278 2401 tam
1314 2356 1486 2403 stulte
1519 2356 1738 2414 ineptus
1776 2365 1860 2402 est
1893 2378 1946 2403 =
1973 2359 2025 2404 H.
2055 2359 2100 2404 S.
2131 2359 2176 2415 1,
2207 2358 2274 2416 10,
2304 2359 2361 2403 2:
2408 2359 2542 2410 Quis
2584 2369 2683 2404 tam

236 2435 416 2480 Lucili
446 2435 636 2480 fautor
661 2437 855 2493 inepte
886 2444 986 2481 est.
1047 2437 1090 2480 A
1118 2436 1278 2481 Plauto
1310 2439 1427 2482 ducit
1454 2438 1679 2482 Meursius
1708 2440 1828 2496 apud
1859 2439 2236 2486 Buenemannum.

459 2518 592 2567 Quod
616 2517 826 2560 Horatius
857 2533 968 2570 non,
1003 2526 1050 2562 ut
1078 2518 1365 2562 Heindorfius
1394 2521 1599 2576 opinatus
1628 2530 1718 2574 est,
1758 2521 1964 2565 libertate
1992 2524 2135 2564 veteri
2169 2521 2442 2578 reipublicae
2480 2523 2682 2564 conveni·

235 2607 360 2652 ente,
390 2612 542 2640 verum
573 2598 729 2640 Stoica
755 2599 841 2641 ista
869 2600 1111 2656 gravitate,
1144 2600 1199 2643 de
1229 2614 1316 2657 qua
1342 2601 1611 2644 luculentum
1649 2601 1776 2643 Tullii
1813 2616 1880 2658 ep.
1917 2604 1974 2645 ad
2004 2603 2185 2645 Paetum
2219 2603 2269 2655 9,
2303 2603 2357 2644 22
2393 2604 2681 2646 testimonium

234 2687 381 2732 extat,
425 2680 493 2721 sic
528 2678 679 2721 effert:
742 2678 871 2721 Nam
905 2679 1004 2723 fuit
1041 2688 1172 2722 ante
1203 2681 1462 2724 Helenam
1505 2696 1720 2725 cunnus
1757 2685 2053 2726 teterrima
2092 2683 2220 2725 belli
2264 2683 2272 2742 Ι
2311 2698 2499 2735 causa,
2535 2685 2588 2724 ad
2628 2698 2681 2725 ea

233 2773 367 2815 quum
405 2758 646 2801 Lambinus
685 2758 905 2802 Athenaei
938 2760 1241 2817 Herodotique
1276 2762 1404 2805 locos
1445 2764 1727 2818 apposuerit,
1761 2764 1918 2806 similia
1946 2764 2168 2806 Lactantii
2204 2765 2383 2808 addam.
2450 2765 2525 2806 Sic
2569 2765 2681 2806 enim

231 2837 303 2881 ille
334 2837 563 2893 eleganter
591 2838 626 2882 1.
656 2837 704 2890 3,
736 2837 809 2889 21,
853 2838 921 2880 11:
980 2839 1049 2881 At
1087 2840 1232 2884 nulla
1277 2842 1675 2885 vehementior
1710 2843 2111 2887 discordiarum
2150 2858 2323 2887 causa
2367 2853 2475 2895 est,
2522 2857 2680 2899 quam

166 2922 176 2933 ⁰
233 2919 388 2961 unius
421 2917 655 2961 feminae
684 2933 712 2962 a
742 2917 926 2961 multis
955 2922 1201 2964 maribus
1231 2923 1525 2979 appetitio.

452 2998 485 3040 1.
521 2998 561 3041 d.
590 2998 696 3053 1,6:
726 2998 1061 3043 Amaltheam
1088 3026 1139 3033 —
1168 3016 1354 3046 novem
1383 3004 1561 3048 libros
1590 3003 1853 3047 attulisse
1884 3005 1948 3047 ad
1973 3017 2157 3060 regem
2189 3003 2530 3061 Tarquinium
2565 3004 2680 3046 Pri-

234 3094 382 3125 scum
415 3086 526 3130 etc.,
559 3078 631 3121 ubi
660 3077 1003 3124 Buenemannus
1035 3084 1199 3126 excitat
1229 3083 1457 3129 Cuiacium
1487 3085 1543 3127 ad
1574 3084 1862 3142 Pomponium
1907 3085 1963 3129 de
1997 3087 2108 3142 orig.
2138 3086 2247 3129 iuris
2279 3085 2410 3141 (Opp.
2433 3083 2600 3126 Cuiacii
2627 3085 2677 3127 Τ.

449 3245 488 3289 *)
536 3243 671 3278 Statim
695 3249 892 3289 postquam
917 3245 1110 3290 superiora
1133 3248 1372 3292 scripsimus,
1397 3249 1556 3283 laetatus
1581 3260 1664 3284 sum
1689 3261 1799 3295 quum
1826 3247 1938 3283 incidi
1964 3248 2001 3283 in
2025 3249 2121 3284 haec
2141 3249 2365 3284 Lachmanui
2392 3249 2437 3283 ud
2462 3248 2677 3282 Lucretium

228 3303 343 3337 verba
366 3315 400 3347 p.
421 3304 512 3337 204:
564 3300 692 3343 „Idem
718 3301 940 3335 vocabulum
968 3301 1168 3349 (nitedula)
1193 3305 1349 3341 Horatio
1375 3306 1410 3340 in
1439 3305 1681 3350 epistolarum
1706 3309 1748 3349 1,
1779 3311 1822 3348 7,
1854 3308 1899 3339 29
1923 3317 1946 3341 ει
1969 3306 2138 3342 Bentleio
2163 3307 2372 3342 restitutum
2393 3308 2456 3351 qui
2481 3318 2551 3340 non
2578 3307 2676 3340 acci-

225 3359 352 3406 piunt,
375 3359 557 3396 rationem
578 3364 613 3393 et
630 3369 767 3405 genera
789 3357 1015 3393 fabellarum
1038 3360 1253 3407 ignoraut.“
1303 3363 1409 3407 Quae
1434 3362 1582 3398 laetitia
1608 3374 1734 3398 rursus
1760 3362 1796 3398 in
1820 3374 2027 3398 moerorem
2055 3375 2230 3399 conversa
2257 3370 2312 3398 est
2337 3364 2464 3398 nuntio
2490 3366 2534 3399 de
2563 3372 2679 3400 morte

227 3418 299 3454 viri
326 3417 362 3454 in
388 3423 466 3455 arte
494 3429 562 3454 sna
587 3417 693 3465 plane
718 3415 919 3466 singularis
944 3417 1072 3454 allato.

2710 2365 2867 2403 Lactan-

2733 2425 2820 2462 tius.
