3008 3764
84 1063 203 1098 Siliu-
227 1064 304 1098 lta-

119 2378 305 2414 Luc-mn.

333 237 451 282 land.
482 237 531 284 S.
556 236 608 290 5,
643 235 690 289 1,
719 234 801 290 93,
838 236 1211 295 quemadmodum
1250 235 1302 281 H.
1338 236 1605 282 damnosa
1647 238 1768 290 dies,
1803 236 1963 290 libido,
1999 235 2157 281 Venus
2191 240 2239 279 et
2275 243 2437 282 auctor
2474 241 2579 296 epit.
2606 241 2726 287 Iliad.
2755 242 2812 287 26

336 318 599 361 damnosa
636 307 825 361 libido.
883 317 1005 360 Idem
1035 316 1094 359 ad
1121 315 1169 368 3,
1196 315 1246 368 2,
1275 315 1325 359 6:
1376 346 1407 368 ‚2
1420 330 1502 372 per
1528 325 1693 370 totam,
1722 318 1885 376 inquit,
1919 316 2038 361 hanc
2065 314 2270 373 eclogam
2301 315 2471 362 Horatii
2501 319 2634 363 odam
2664 321 2741 377 (1,
2768 322 2819 380 5)

333 405 436 441 ante
467 396 625 440 oculos
653 396 810 442 babuit
837 401 1027 441 noster“
1057 397 1322 455 peragitque
1353 395 1557 453 pluribus
1589 396 1854 440 Horatiana.

557 497 942 550 Quemadmodum
981 497 1196 542 Horatius
1240 510 1309 541 vv.
1351 497 1668 556 discrepandi,
1708 498 1969 554 differendi,
2011 501 2205 546 distandi
2245 509 2330 547 etc.
2377 514 2478 545 cum
2529 501 2679 545 dativo
2726 502 2817 546 iun-

332 593 443 638 gere
474 588 622 633 amat,
657 580 719 622 ita
757 580 870 623 Stat.
899 579 1038 623 Theb.
1068 579 1119 633 3,
1155 579 1213 623 88
1245 578 1437 622 dolori
1467 587 1672 637 pugnat
1704 587 1749 623 et
1777 589 1825 623 ut
1855 588 2088 625 certare
2117 580 2195 625 Sil.
2223 582 2274 635 7,
2312 581 2395 626 199
2423 590 2468 626 et
2496 581 2549 635 8,
2590 581 2705 636 593,
2753 582 2819 635 10,

331 659 388 702 54
417 666 461 702 et
490 673 695 717 pugnare
728 660 782 702 id.
811 659 860 714 7,
898 658 995 702 483.
1025 659 1104 712 10,
1136 659 1233 703 475.
1272 660 1632 716 degenerare
1660 658 1832 701 alicui
1861 659 1904 701 in
1931 659 2163 703 Thebaide
2197 661 2246 714 l,
2275 661 2361 705 464
2388 662 2508 720 quod
2545 676 2646 705 cum
2677 661 2815 706 Clau-

332 740 451 783 dian.
481 738 622 783 Cons.
656 739 769 782 Hon.
801 739 852 790 4,
882 738 966 781 367
998 747 1043 782 et
1072 740 1324 785 Namatian.
1354 740 1400 792 1,
1427 739 1509 782 591
1543 741 1768 795 componit
1798 739 1854 781 A.
1883 738 1954 782 W.
1984 740 2231 796 Zumptius.

561 841 771 886 Ceterum
806 840 1040 898 eleganter
1079 841 1234 887 Flacci
1272 842 1529 887 memoriam
1558 839 1716 886 recolit
1745 838 1790 886 S.
1822 842 1865 894 1,
1888 840 1939 895 3,
1980 842 2063 886 100
2100 843 2411 901 dictumque
2452 844 2576 903 lyra
2612 844 2815 889 maiore

333 921 588 967 Catillum
628 919 834 966 alludens
869 920 928 965 ad
962 919 1012 965 C.
1052 920 1101 975 1,
1140 920 1215 978 18,
1259 921 1353 969 init.
1395 933 1661 980 quamquam
1698 920 1918 967 Handium
1943 936 1986 969 v.
2022 921 2076 969 cl.
2110 923 2244 968 video
2280 923 2338 968 ad
2367 922 2610 982 Vergilium
2646 923 2818 971 referre

331 1001 450 1046 haec
478 1002 630 1046 verba.
2201 998 2221 1022 “

557 1091 850 1135 Horatianum
886 1099 1063 1135 uncta
1099 1092 1405 1135 cruoribus
1444 1091 1481 1134 C
1519 1092 1567 1144 2,
1609 1092 1654 1144 1,
1694 1092 1724 1135 5
1748 1093 1860 1136 satis
1890 1094 2111 1137 audacter
2140 1094 2306 1138 dictum
2337 1109 2469 1153 quum
2494 1094 2650 1139 Silium
2678 1095 2731 1146 9,
2766 1095 2819 1138 13

332 1174 577 1215 imitatione
614 1174 945 1228 comprobasse
980 1174 1201 1215 docerent
1239 1174 1325 1215 iam
1355 1172 1549 1216 Orellius
1593 1181 1639 1215 et
1675 1172 2020 1230 Peerlkampus,
2056 1187 2226 1230 pravae
2272 1175 2526 1218 imitationis
2566 1175 2817 1231 exemplum

331 1254 502 1296 addere
531 1267 651 1295 nunc
681 1254 826 1295 visum
860 1262 944 1296 est.
1007 1252 1214 1296 Tiberius
1252 1254 1366 1296 enim
1403 1254 1522 1310 apud
1556 1253 1610 1295 H.
1642 1253 1689 1296 C.
1721 1253 1873 1305 4,14,
1902 1254 1959 1296 24
1997 1255 2157 1298 dicitur
2192 1254 2521 1299 frementem
2555 1255 2565 1315 Ι
2601 1256 2817 1299 mittere

334 1348 521 1391 equum
555 1337 763 1379 medios
802 1350 899 1393 per
927 1336 1102 1392 ignes.
1160 1335 1249 1377 Ubi
1278 1334 1468 1390 ignes,
1510 1346 1625 1389 quos
1654 1333 1699 1375 in
1729 1346 1894 1376 enses
1924 1342 2121 1377 mutatos
2149 1335 2289 1377 voluit
2317 1334 2545 1379 Bentleius
2574 1337 2677 1394 quia
2708 1337 2815 1394 figu-

333 1423 432 1460 rate
461 1418 664 1475 accepit,
703 1430 842 1461 veros
880 1416 1150 1474 significari,
1194 1415 1441 1459 Raetorum
1480 1412 1681 1456 nimirum
1711 1413 1869 1458 domos
1901 1414 2136 1468 incensas,
2168 1416 2479 1461 contendimus
2508 1417 2552 1461 in
2581 1416 2813 1464 Horatian.

333 1512 375 1553 p.
404 1497 445 1540 9.
505 1498 675 1542 Contra
705 1497 842 1542 Silius
871 1497 1060 1556 figurate
1088 1505 1272 1554 praeter
1303 1507 1582 1538 communem
1617 1494 1985 1538 consuetudinem
2011 1510 2122 1540 usus
2150 1505 2222 1541 est
2253 1497 2319 1549 14,
2351 1497 2452 1542 176:
2480 1513 2577 1555 per
2607 1500 2816 1544 medios

332 1577 491 1634 ignes
517 1578 841 1636 mediosque
873 1591 970 1636 per
1008 1590 1172 1620 enses
1205 1583 1257 1619 et
1288 1574 1363 1627 15,
1395 1574 1473 1617 41:
1521 1588 1622 1632 per
1652 1574 1860 1619 medias
1889 1574 2129 1621 volitare
2173 1577 2323 1622 acies
2358 1579 2683 1637 mediosque
2717 1595 2816 1637 per

330 1658 503 1715 ignes.
563 1659 677 1703 Nam
708 1658 786 1703 Ov.
816 1658 924 1703 Met.
954 1657 1002 1711 8,
1031 1657 1089 1701 76
1128 1657 1214 1701 ire
1251 1671 1352 1714 per
1389 1656 1545 1713 ignes
1586 1656 1815 1713 proverbii
1851 1657 1994 1702 instar
2019 1657 2182 1703 dictum
2213 1665 2306 1711 est,
2348 1661 2478 1706 cuius
2509 1660 2722 1718 originem
2758 1662 2814 1704 ab

331 1738 527 1782 Homero
558 1739 737 1795 repetiit
769 1738 1112 1794 Peerlkampus.

555 1819 734 1862 Rursus
765 1818 998 1875 eleganter
1026 1818 1143 1861 idem
1172 1817 1215 1869 3,
1249 1817 1350 1859 145:

899 1898 1123 1948 Quantum
1155 1898 1318 1941 etenim
1350 1897 1515 1940 distant
1547 1910 1574 1939 a
1604 1906 1744 1940 morte
1775 1897 1952 1941 silentia
1979 1896 2127 1941 vitae?

332 1978 560 2033 expressit
589 1979 641 2022 H.
672 1979 720 2022 C.
751 1980 793 2034 4,
820 1979 862 2035 9,
892 1978 971 2021 29:
1030 1977 1276 2021 Paullum
1304 1977 1563 2033 sepultae
1596 1978 1761 2019 distat
1790 1978 2030 2021 inertiae
2067 1978 2075 2036 Ι
2116 1977 2319 2022 Celata
2349 1980 2557 2031 virtus,
2588 1980 2661 2022 ubi
2694 1979 2813 2021 haud

332 2059 430 2100 scio
460 2072 518 2101 an
544 2067 747 2116 praestet
780 2058 965 2102 Bentleii
994 2058 1205 2101 inertia
1233 2057 1523 2114 Peerlkampi
1553 2057 1800 2114 sepulti.

560 2139 625 2189 14,
653 2138 760 2183 237:
819 2140 921 2190 Quo
957 2153 1088 2182 mons
1133 2137 1321 2181 Sicania
1363 2152 1450 2180 non
1493 2138 1639 2195 surgit
1685 2138 1815 2181 ditior
1852 2139 2010 2182 umbra

332 2218 637 2264 conferendus
686 2228 757 2264 est
801 2234 903 2263 cum
950 2219 1002 2263 H.
1040 2219 1132 2272 S.l,
1157 2219 1201 2272 5,
1231 2218 1312 2267 91:

896 2299 1011 2341 Nam
1041 2298 1210 2341 Canusi
1237 2297 1494 2354 lapidosus:
1534 2312 1680 2356 aquae
1709 2313 1798 2342 non
1831 2300 1964 2342 ditior
1992 2312 2118 2342 urna.

557 2381 664 2424 Eius
693 2379 830 2437 longe
858 2378 1051 2436 plurima
1079 2379 1137 2422 ab
1168 2378 1415 2422 editoribus
1442 2378 1615 2422 Horatii
1644 2387 1860 2424 annotata
1890 2387 2008 2432 sunt,
2037 2380 2304 2436 praesertim
2328 2395 2443 2438 quae
2473 2387 2580 2437 apta
2610 2381 2813 2425 videren-

331 2472 404 2503 tur
432 2461 492 2502 ad
522 2461 726 2504 insolitas
752 2468 1009 2504 structuras
1040 2458 1366 2503 defendendas.
1426 2459 1575 2503 Veluti
1604 2460 1652 2512 2,
1684 2459 1743 2503 99
1769 2468 2085 2518 quantoque
2123 2461 2295 2516 gradu
2324 2461 2477 2503 Mors
2515 2473 2684 2504 saeva
2731 2475 2814 2504 cu·

332 2541 508 2584 currit
537 2562 582 2580 =
613 2540 666 2586 11.
697 2541 750 2587 C.
790 2541 829 2593 1,
857 2540 901 2594 3,
935 2541 988 2583 17
1018 2541 1185 2591 Quem
1215 2539 1416 2583 Mortis
1446 2540 1624 2583 timuit
1654 2540 1895 2596 gradum,
1926 2554 2057 2597 quem
2088 2541 2144 2583 ad
2171 2540 2321 2584 locum
2357 2540 2682 2598 Peerlkampus
2710 2555 2815 2584 acu·

332 2624 450 2666 mine
479 2638 564 2665 suo
595 2624 764 2666 abusus
795 2623 971 2665 videtur
1002 2636 1109 2665 esse
1132 2636 1309 2677 negans
1338 2620 1666 2665 similitudinem
1697 2621 1815 2664 inter
1853 2629 2089 2677 utrumque
2124 2637 2168 2666 v.
2198 2621 2504 2673 intercedere,
2546 2622 2814 2677 praesertim

329 2719 467 2761 quum
498 2704 728 2760 sequentis
758 2719 818 2746 v.:
876 2703 975 2752 Qui
1028 2702 1204 2746 siccis
1256 2701 1437 2746 oculis
1477 2701 1718 2745 manifesta
1752 2702 1960 2745 videatur
1998 2702 2181 2746 imitatio
2211 2702 2386 2746 Lucani
2414 2703 2470 2754 7,
2500 2701 2603 2745 108:

1040 2783 1137 2825 duri
1166 2781 1410 2826 flectuntur
1441 2792 1628 2838 pectora
1660 2784 1812 2840 Magni

899 2864 1123 2922 Siccaque
1154 2863 1422 2907 Thessaliae
1453 2862 1656 2906 confudit
1681 2863 1849 2906 lumina
1876 2862 2054 2906 Lesbos

331 2947 386 2991 cl.
417 2946 460 2999 9,
494 2944 629 2989 1044:
661 2945 734 3002 qui
765 2945 895 2989 sicco
926 2944 1089 2989 lumine
1120 2957 1308 3001 campos
1345 2944 1353 3002 Ι
1385 2944 1574 2988 Viderat
1600 2944 1845 2990 Emathios.

558 3037 611 3089 l,
639 3036 725 3079 240
754 3036 1006 3093 Deripuit
1043 3037 1193 3081 sacris
1222 3035 1405 3079 affixa
1433 3035 1672 3093 penatibus
1704 3049 1829 3079 arma
1860 3053 1906 3073 =
1941 3035 1997 3082 H.
2029 3035 2138 3088 C.1,
2163 3035 2271 3089 3‚5:
2304 3036 2439 3094 Signa
2472 3050 2557 3093 ego
2590 3037 2768 3080 Punicis
2800 3036 2809 3093 Ι

329 3117 521 3162 Asfixa
553 3114 755 3159 delubris
785 3141 841 3151 —-
872 3115 980 3160 dixit
1010 3115 1273 3173 Derepta.
1334 3113 1410 3161 Sil.
1438 3115 1505 3166 10,
1534 3113 1642 3160 60οε
1671 3129 1815 3160 arma
1852 3115 1862 3175 Ι
1895 3115 2153 3175 Deripite
2181 3131 2207 3160 ο
2247 3118 2422 3175 pubes
2453 3116 2691 3175 templis.

553 3208 611 3252 V.
640 3207 692 3262 2,
723 3206 803 3250 441
837 3207 1043 3271 viduus
1075 3208 1262 3253 abusive
1293 3216 1339 3251 ut
1370 3207 1420 3252 H.
1451 3207 1501 3252 C.
1537 3208 1578 3261 1,
1613 3207 1666 3252 10
1694 3210 1888 3255 viduus
1914 3208 2197 3267 pharetra,
2227 3210 2282 3254 de
2313 3225 2399 3268 quo
2428 3225 2512 3255 usu
2545 3211 2630 3253 iam
2647 3210 2815 3254 monuit

329 3294 459 3337 Serv.
495 3291 553 3333 ad
583 3289 722 3346 Verg.
757 3288 873 3332 Aen.
898 3287 947 3341 8,
978 3289 1075 3332 571.

551 3372 600 3423 5,
632 3369 718 3413 200
748 3370 965 3414 ruentis
1004 3370 1202 3427 imperi
1229 3383 1281 3408 =
1307 3368 1362 3414 H.
1398 3369 1447 3416 C.
1480 3371 1524 3424 1,
1552 3370 1602 3424 2,
1634 3370 1699 3414 25.
