3008 3764
105 2555 274 2590 Rutilia·

106 2613 275 2651 Namati-

123 2684 228 2709 Unus-

1552 162 1559 170 ,

1370 164 1735 226 -32—

883 329 1157 385 Mor-talique
1184 329 1302 374 lates
1332 325 1408 390 (es
1440 331 1555 374 enim
1581 325 1744 392 (leus):
1776 333 1897 380 hunc
1924 347 2091 392 precor
2121 332 2275 378 orbem

880 410 1003 461 Hos,
1038 424 1230 465 precor,
1259 419 1473 452 aeternus
1510 409 1708 465 populos
1744 429 1881 470 rege:
1918 414 1976 459 sit
2011 412 2086 459 tibi
2122 409 2236 458 caeli

877 489 990 532 Vilis
1027 503 1154 531 amor
1191 498 1516 547 coeptamque,
1551 497 1706 546 pater,
1735 509 1794 536 ne
1825 496 1992 538 desere
2027 509 2202 552 pacem.

544 568 1072 622 =H.c.1‚2s.f.:

876 648 985 694 Sive
1019 657 1190 694 mutata
1223 651 1430 694 iuvenem
1458 648 1604 709 figura

873 729 989 774 Ales
1023 730 1070 773 in
1100 731 1235 774 terris
1267 730 1474 784 imitaris,
1510 729 1655 775 almae

872 808 1013 875 Filius
1049 809 1228 864 Maiae,
1265 809 1442 868 patiens
1479 810 1637 855 vocari

1159 890 1372 934 Caesaris
1408 889 1551 934 ultor:

876 970 1022 1014 Serus
1058 971 1102 1013 in
1140 969 1316 1014 caelum
1346 970 1512 1014 redeas
1549 969 1712 1027 diuque

873 1050 1047 1095 Laetus
1077 1051 1257 1094 intersis
1288 1050 1468 1108 Populo
1506 1049 1691 1099 Quirini.

538 1166 591 1173 -
629 1140 712 1195 18,
746 1141 824 1185 20:
872 1140 1102 1185 Secreti
1131 1155 1268 1199 pars
1301 1142 1461 1186 orbis
1496 1141 1678 1186 habet
1711 1144 2061 1201 mundusque
2096 1144 2313 1201 piorum
2342 1164 2388 1184 =
2429 1145 2479 1189 C.
2516 1147 2567 1201 2,
2601 1149 2679 1204 13,
2711 1153 2790 1197 23:

307 1222 603 1279 Sedesque
640 1221 938 1266 discretas
974 1221 1204 1278 piorum.
1277 1219 1421 1263 Lucil.
1459 1221 1612 1265 Aetna
1647 1236 1691 1264 v.
1732 1221 1811 1264 ult.
1843 1224 2043 1267 domus
2081 1230 2135 1266 et
2168 1236 2303 1266 rura
2337 1226 2569 1282 piorum.

537 1338 591 1343 —
626 1312 680 1366 9,
710 1312 763 1356 32
819 1313 876 1355 In
913 1312 1185 1356 Donaces
1221 1310 1502 1356 Venerem
1537 1310 1766 1357 furiosa
1799 1322 1982 1359 mente
2009 1316 2257 1364 ruebant
2289 1338 2342 1359 =
2377 1317 2426 1363 C.
2461 1319 2512 1373 2,
2546 1319 2598 1375 3,
2631 1321 2661 1365 4
2694 1329 2790 1379 sq.=

304 1394 421 1438 Nec
456 1393 609 1437 tauri
643 1393 868 1437 ruentis
905 1386 913 1456 Ι
952 1393 1010 1437 ln
1045 1391 1327 1437 Venerem
1372 1391 1636 1437 tolerare
1671 1393 1907 1451 pondus.
1979 1395 2134 1440 Manil.
2170 1397 2223 1453 3,
2262 1397 2371 1443 6652
2418 1399 2476 1443 In
2511 1398 2790 1445 Venerem

304 1481 645 1532 partumque
685 1472 819 1517 ruit.

536 1590 588 1597 -—
632 1564 678 1617 9,
709 1563 786 1607 12:
837 1561 1286 1619 Sollicitumque
1331 1561 1487 1607 soret
1529 1563 1744 1622 linguis
1789 1580 1948 1625 opus.
2015 1569 2149 1620 Quod
2186 1571 2243 1614 de
2279 1584 2371 1614 una
2399 1571 2591 1617 Donace
2628 1575 2790 1619 dictum

305 1643 730 1688 excusatWerusd.
767 1641 871 1685 V.2
894 1642 1047 1699 p.355
1081 1656 1241 1699 pamm
1273 1650 1378 1699 apte
1413 1642 1468 1686 H.
1488 1642 1541 1687 Ε.
1569 1643 1609 1697 1,
1627 1643 1671 1697 5,
1707 1644 1785 1689 18:
1823 1645 2123 1693 Sollicitis
2160 1651 2361 1695 animis
2397 1665 2538 1696 onus
2574 1654 2789 1709 eximit,

303 1726 381 1769 ubi
409 1731 550 1783 poeta
575 1724 620 1766 in
653 1724 913 1766 universum
947 1720 1160 1779 loquitur.
1217 1721 1499 1779 Corruptus,
1535 1731 1745 1780 quantum
1766 1739 1824 1769 ex
1844 1726 1999 1772 critica
2020 1727 2202 1774 Glaseri
2236 1728 2539 1787 suppellectili
2570 1735 2791 1790 cognosci

304 1811 482 1863 potest,
517 1803 650 1847 locus
686 1817 779 1846 non
797 1802 998 1853 videtur3
1034 1809 1107 1845 est
1140 1803 1271 1859 igitur
1302 1803 1538 1846 deterioris
1561 1805 1722 1849 aetatis
1758 1806 1935 1864 signum
1966 1808 2227 1855 immodicus
2264 1817 2309 1853 et
2337 1808 2474 1868 plane
2500 1811 2788 1868 promiscuus

302 1884 490 1943 pluralis
519 1898 648 1928 usus.

527 1975 735 2032 Denique
770 1974 813 2027 6,
849 1975 931 2017 71:

872 2054 984 2097 Seu
1019 2055 1285 2097 residere
1320 2053 1487 2107 libet,
1525 2054 1679 2097 dabit
1709 2069 1848 2099 ecce
1886 2059 2102 2103 sedilia
2137 2059 2347 2117 tophus

871 2134 1091 2176 Ponere
1125 2148 1226 2177 seu
1263 2134 1540 2186 cubitum,
1570 2132 1767 2178 melior
1800 2139 1949 2182 viret
1983 2138 2165 2183 herba
2200 2139 2415 2197 tapetis

301 2216 442 2274 vulgo
482 2216 662 2273 quidem
696 2214 765 2257 sic
798 2213 984 2271 legitur,
1018 2228 1176 2257 verum
1210 2213 1381 2257 habent
1414 2212 1619 2270 plerique
1657 2215 1791 2258 codd.
1821 2215 2045 2274 lapillis
2079 2235 2127 2276 p.
2154 2218 2373 2277 tapetis
2401 2226 2450 2264 ut
2482 2219 2537 2264 Η.
2565 2220 2617 2264 Ε.
2655 2221 2695 2275 l,
2717 2221 2784 2265 10.

304 2295 380 2340 19:
416 2294 693 2340 Deterius
727 2293 969 2351 Libycis
1017 2292 1137 2337 olet
1181 2301 1273 2337 aut
1311 2293 1458 2336 nitet
1500 2291 1684 2336 herba
1718 2294 1956 2353 lapillis.
2028 2297 2221 2342 Tantum
2255 2305 2404 2341 autem
2439 2300 2595 2351 abest,
2624 2308 2673 2342 ut
2700 2308 2785 2343 ta-

300 2378 456 2436 petis
490 2374 661 2421 Flacco
700 2375 960 2428 obn-udam,
990 2374 1034 2417 id
1069 2381 1119 2417 ut
1146 2388 1170 2417 e
1202 2373 1445 2432 Calpurnio
1478 2373 1576 2416 eiici
1610 2375 1745 2419 velim
1779 2378 2102 2434 restituamque
2136 2375 2385 2437 lapillis,
2416 2378 2492 2435 qui
2525 2380 2710 2423 nitere
2742 2389 2785 2424 et

298 2461 498 2504 virere
527 2465 655 2502 recte
692 2457 913 2501 dicuntur.
1885 2454 1887 2456 '

523 2550 595 2595 De
628 2550 774 2594 reditu
810 2564 895 2594 suo
935 2549 984 2603 l,
1011 2549 1090 2593 82:

868 2629 1061 2674 Omnia
1097 2638 1419 2688 perpetuos
1451 2643 1593 2688 quae
1627 2634 1866 2674 servant
1900 2628 2096 2673 sidera
2125 2636 2304 2673 motus

1007 2709 1233 2753 Nullum
1268 2711 1542 2755 viderunt
1580 2710 1844 2767 pulcrius
1878 2710 2187 2766 imperium.

299 2810 352 2834 =
381 2792 437 2836 H.
474 2791 524 2835 C.
562 2791 611 2835 S.
650 2790 703 2834 11
740 2790 857 2834 alme
894 2789 995 2833 Sol
1020 2815 1075 2821 -
1105 2791 1303 2846 possis
1339 2790 1480 2834 nihil
1514 2792 1653 2834 urbe
1688 2789 1870 2834 Roma
1898 2790 2103 2834 visere
2139 2789 2331 2835 maius.

534 2909 585 2914 —
629 2898 674 2927 v.
713 2882 796 2926 134
840 2896 949 2925 non
986 2895 1240 2926 vereare
1286 2883 1450 2927 colos
1494 2883 1569 2926 ubi
1611 2882 1866 2940 Zumptius:
1922 2882 2033 2936 „Ac
2075 2881 2292 2926 rarissimi
2335 2888 2440 2927 sunt
2473 2881 2643 2928 similes
2672 2882 2784 2935 loci;

299 2980 436 3009 unum
475 2964 573 3009 scio
610 2962 766 3008 Horat.
805 2961 949 3007 Serm.
986 2963 1028 3006 2.
1061 2961 1115 3017 5,
1149 2962 1200 3006 91
1240 2963 1393 3009 ultro
1429 2978 1535 3008 non
1583 2965 1746 3008 etiam
1794 2963 1990 3007 sileas.
2062 2963 2177 3010 Nam
2205 2964 2374 3022 primae
2413 2971 2459 3006 et
2490 2964 2649 3007 tertiae
2679 2978 2784 3022 per-

302 3059 473 3099 sonae,
519 3044 564 3087 in
613 3044 773 3101 quibus
812 3043 958 3087 minor
998 3049 1070 3088 est
1112 3043 1362 3100 imperandi
1395 3045 1491 3099 vis,
1527 3043 1805 3101 frequentius
1849 3057 1959 3087 non
1995 3043 2218 3086 additoef‘
2287 3043 2475 3103 Legitur
2507 3058 2628 3087 nunc
2662 3043 2786 3102 apud

302 3122 389 3171 Ov.
422 3140 479 3170 ex
510 3125 658 3170 Ponto
696 3124 744 3178 1,
774 3124 825 3178 2,
859 3124 942 3167 105
969 3123 1091 3168 Non
1126 3125 1309 3182 petito
1347 3133 1407 3169 ut
1439 3127 1586 3170 bene
1621 3125 1719 3179 sit,
1764 3137 1923 3167 verum
1968 3123 2195 3183 scriptura
2228 3123 2401 3168 incerta
2438 3130 2509 3169 est
2541 3123 2784 3182 placetque

299 3205 522 3264 Scaligeri
550 3217 696 3248 neve
732 3212 862 3261 pete
898 3217 1010 3261 prae
1046 3203 1123 3248 illo
1158 3204 1418 3250 Heinsiano.

532 3322 582 3327 —
627 3295 713 3340 359
866 3297 1057 3339 Aurea
1086 3295 1381 3354 legitimas
1412 3305 1750 3354 expugnant
1784 3310 2016 3340 munera
2046 3296 2247 3339 taedas

1003 3374 1440 3433 virgineosque
1477 3377 1638 3420 sinus
1674 3390 1888 3420 aureus
1924 3375 2100 3419 imber
2136 3375 2278 3420 emit.

861 3454 1010 3500 Auro
1046 3456 1206 3500 victa
1242 3454 1400 3501 fides
1435 3457 1681 3502 munitas
1719 3455 1942 3514 decipit
1980 3456 2152 3500 urbes
