3008 3764
1366 96 1718 153 ‚10-

296 263 559 307 refertus
600 262 653 315 4,
697 263 727 304 4
772 281 818 300 =
855 263 907 305 E.
940 263 988 315 l,
1023 262 1101 315 17,
1135 261 1205 304 55.
1243 263 1493 319 rapimur
1527 263 1581 306 H.
1617 266 1667 318 l,
1699 266 1756 308 27
1790 281 1842 303 =
1877 265 1926 309 S.
1958 266 2010 319 l,
2036 265 2087 319 5,
2116 264 2187 310 86.
2256 265 2464 323 Denique
2502 270 2680 315 malus
2728 277 2772 313 et

296 342 503 386 avidus
537 348 727 399 uterque
764 341 1047 385 substantive
1087 341 1266 398 aliaque
1293 341 1498 399 plurima.

518 432 782 492 Cogitabam
822 432 1049 489 quondam
1092 432 1280 490 aliquid·
1303 432 1517 490 praesidii
1554 432 1649 489 peti
1693 447 1837 489 posse
1878 448 1935 477 ex
1973 435 2029 478 A.
2049 435 2093 490 3,
2124 434 2203 479 66:
2253 433 2365 489 „ille
2401 434 2603 479 Scaurus
2639 449 2770 492 quem

291 528 514 572 proavum
558 529 688 559 suum
731 512 1024 570 opprobrium
1067 513 1264 556 virorum
1304 513 1566 556 Mamercus
1610 511 1762 555 infami
1801 527 1947 570 opera
1981 514 2309 560 dehonestabat
2319 519 2347 541 ‘⁶
2391 511 2560 559 celebri
2600 514 2771 561 Horatii

289 596 395 640 loco
433 595 484 640 C.
518 596 567 650 1,
604 597 682 653 12,
711 595 790 639 37:

853 671 1081 732 Regulum
1116 680 1162 716 et
1196 670 1400 717 Scauros
1436 670 1701 729 animaeque
1736 686 1927 730 magnae

852 754 1118 811 Prodigum,
1154 753 1311 796 Poeno
1348 762 1620 809 superante,
1654 753 1859 798 Paullum

854 834 1025 879 Gratus
1059 834 1222 891 insigni
1256 832 1453 876 reseram
1489 833 1687 877 Camena

1065 913 1422 969 Fabriciumque.
2719 968 2722 972 ,

285 996 331 1040 in
363 1011 453 1054 quo
490 995 767 1039 Scaurorum
795 992 873 1037 vel
903 993 1036 1036 etiam
1070 994 1201 1037 unius
1232 991 1394 1036 Scauri
1431 986 1556 1053 (nam
1583 991 1804 1050 pluralem
1839 1007 1929 1036 non
1966 1007 2142 1047 moror,
2181 993 2308 1038 cuius
2344 1008 2456 1038 usus
2494 974 2616 1053 apud
2652 995 2764 1054 opu'-

284 1090 406 1121 mum
444 1089 665 1134 quemque
699 1081 886 1134 poetam
929 1073 1072 1132 magis
1104 1087 1133 1117 a
1169 1086 1456 1117 numerorum
1501 1073 1726 1118 suavitate
1755 1086 1886 1131 quam
1922 1073 2243 1118 sententiarum
2268 1074 2473 1132 pondere
2499 1075 2763 1135 plerumque

284 1156 487 1215 pendet)
522 1155 686 1199 mentio
725 1153 874 1198 aliena
911 1159 983 1197 est
1012 1165 1041 1195 a
1074 1151 1283 1196 laudibus
1312 1166 1403 1195 non
1439 1153 1586 1197 solum
1623 1166 1779 1197 eorum
1814 1154 2013 1197 virorum
2045 1154 2118 1211 qui
2159 1154 2205 1197 in
2235 1154 2325 1198 hac
2360 1154 2549 1213 stropha
2584 1157 2761 1213 praedi-

286 1243 471 1288 cantur,
500 1235 584 1280 sed
621 1234 755 1278 etiam
790 1247 946 1277 eorum
978 1233 1052 1289 qui
1086 1233 1131 1277 in
1160 1234 1533 1278 antecedentibus
1568 1240 1613 1277 et
1641 1234 2022 1291 subsequentibus
2058 1247 2230 1278 summo
2265 1236 2512 1292 praeconio
2549 1236 2667 1294 digni
2685 1236 2763 1280 ha-

283 1317 461 1361 bentur.
530 1314 648 1358 Nam
678 1327 737 1358 ne
768 1313 985 1371 princeps
1020 1312 1198 1370 quidem
1236 1312 1311 1356 ille
1343 1312 1540 1358 Senatus
1559 1328 1587 1357 a
1606 1303 1829 1358 Cicerone
1851 1321 2040 1373 propter
2076 1315 2319 1358 earundem
2353 1316 2542 1373 partium
2572 1316 2773 1373 studiums

281 1397 400 1440 iusto
460 1395 701 1438 maioribus
744 1392 951 1439 laudibus
990 1400 1179 1436 ornatus
1220 1400 1290 1436 est
1337 1393 1497 1450 dignus
1539 1394 1798 1437 censendus
1845 1394 1920 1450 qui
1962 1394 2078 1436 inter
2123 1394 2247 1437 viros
2293 1395 2428 1438 armis
2463 1402 2508 1438 et
2543 1397 2761 1453 sanguine

281 1492 368 1520 suo
409 1476 600 1532 patriam
641 1482 829 1517 tuentes
868 1481 1269 1526 commemoretur,
1323 1482 1372 1516 ut
1406 1475 1602 1516 omittam
1649 1488 1740 1516 non
1777 1474 1895 1516 omni
1941 1474 2037 1517 eius
2071 1474 2208 1517 vitam
2244 1473 2450 1518 caruisse
2497 1475 2686 1519 macula.
2717 1492 2760 1519 v.

281 1556 528 1599 Drumann.
556 1554 611 1597 H.
630 1554 686 1598 G.
707 1554 764 1597 R.
792 1553 815 1596 l
840 1570 885 1610 p.
909 1553 965 1596 25
983 1568 1054 1610 sq.
1099 1553 1293 1596 Accedit
1336 1561 1484 1596 autem
1520 1553 1608 1597 alia
1645 1568 1814 1606 causa,
1846 1567 1963 1610 quae
1992 1568 2156 1597 nomen
2182 1553 2272 1597 hoc
2307 1562 2571 1612 suspectum
2600 1557 2758 1600 reddit.

279 1636 514 1692 Nusquam
551 1635 668 1677 enim
703 1633 917 1677 Horatius
958 1634 1155 1677 virorum
1195 1634 1465 1677 mentionem
1499 1633 1630 1686 facit,
1668 1634 1741 1690 qui
1775 1635 1878 1677 inde
1910 1648 1939 1677 a
1979 1634 2099 1678 bello
2137 1636 2267 1678 tertio
2306 1636 2477 1679 Punico
2521 1650 2667 1693 usque
2704 1639 2759 1680 ad

280 1717 543 1775 Pompeium
576 1715 871 1760 seditionibus
902 1723 947 1758 et
982 1715 1123 1758 turbis
1162 1714 1364 1758 civilibus
1397 1729 1560 1757 nomen
1599 1713 1852 1772 famamque
1880 1723 2157 1772 acceperunt
2168 1748 2181 1769 ,
2209 1731 2430 1774 nusquam
2450 1716 2759 1761 Gracchorum

280 1797 528 1852 Sullaeque
570 1796 819 1838 dictatoris.
892 1795 1029 1844 Quod
1062 1796 1107 1836 in
1143 1796 1401 1837 universum
1437 1803 1562 1844 recte
1598 1796 1765 1838 monuit
1793 1795 1984 1838 Estreus
2021 1796 2300 1853 Prosopogr.
2329 1797 2382 1839 H.
2411 1813 2455 1853 p.
2488 1797 2585 1839 257.
2644 1797 2758 1840 Nam

282 1877 368 1921 etsi
396 1875 667 1934 Spartacum
702 1891 747 1919 v.
787 1889 827 1918 c.
866 1874 1235 1917 commemoravit
1287 1874 1391 1916 data
1446 1874 1692 1918 occasione
1737 1875 1782 1917 in
1826 1873 2004 1933 lyricis,
2048 1875 2091 1918 in
2133 1876 2295 1920 ceteris
2344 1876 2524 1934 scriptis
2573 1876 2757 1932 Sullam,

278 1955 537 2009 Lucullum,
575 1955 712 1999 alios:
757 1954 1039 1998 funestarum
1080 1960 1230 1996 tamen
1274 1952 1465 1997 cladium
1501 1954 1671 1997 tristem
1717 1953 1972 1997 memoriam
2009 1956 2219 1998 renovari
2252 1955 2405 2000 noluit.
2478 1956 2757 2013 Quamquam

278 2036 429 2093 aliqua
463 2035 785 2079 luctuosissimi
823 2034 1039 2091 temporis
1080 2032 1349 2090 significatio
1395 2034 1645 2077 secundum
1683 2032 1969 2077 Scholiastae
2011 2035 2306 2079 testimonium
2348 2035 2582 2092 hucusque
2621 2037 2756 2094 plane

276 2116 534 2176 neglectum
563 2117 682 2160 inest
716 2117 760 2159 in
798 2114 849 2160 C.
883 2114 935 2169 3,
970 2114 1021 2168 3,
1056 2113 1110 2157 61
1149 2128 1247 2171 sq.:

842 2207 1007 2251 Troiae
1036 2220 1291 2250 renascens
1330 2205 1433 2249 alite
1470 2204 1647 2262 lugubri

839 2286 1042 2331 Fortuna
1071 2287 1184 2330 tristi
1225 2285 1356 2329 clade
1385 2286 1631 2337 iterabitur,

984 2367 1193 2411 Ducente
1228 2367 1441 2411 victrices
1477 2373 1687 2410 catervas

1124 2448 1326 2504 Coniuge
1363 2461 1431 2489 me
1469 2448 1586 2489 lovis
1625 2456 1670 2489 et
1699 2460 1876 2490 sorore.

839 2550 931 2594 Ter
967 2551 1006 2594 si
1041 2557 1252 2608 resurgat
1281 2564 1433 2594 murus
1471 2554 1642 2594 aeneus

838 2631 1044 2675 Auctore
1080 2630 1291 2674 Phoebo:
1328 2639 1397 2673 ter
1427 2611 1588 2688 pereat
1622 2631 1733 2673 meis

978 2711 1172 2754 Excisus
1209 2711 1418 2769 Argivis3
1461 2718 1530 2753 ter
1564 2724 1681 2753 uxor

1055 2796 1058 2800 '
1123 2791 1270 2848 Capta
1304 2792 1445 2835 virum
1484 2804 1744 2847 puerosque
1773 2788 1935 2847 ploret.

499 2905 585 2947 Ubi
622 2906 771 2948 Acro:
821 2905 1046 2958 „Troiam
1090 2906 1314 2962 significat
1348 2907 1564 2962 periisse:
1601 2905 1744 2947 semel
1773 2907 1830 2948 ab
1861 2905 2086 2957 Hercule,
2122 2904 2326 2946 secundo
2357 2906 2414 2946 ab
2451 2906 2631 2962 graecis
2667 2919 2752 2960 pro

269 2986 469 3030 Helena:
509 2987 639 3029 tertio
671 2988 728 3029 ab
757 2986 997 3030 Fimbria.“
1070 2986 1205 3035 Quod
1249 2986 1456 3030 scholion
1493 2985 1809 3029 reconditioris
1848 2985 2083 3028 doctrinae
2119 2983 2312 3042 vestigia
2356 2997 2469 3041 prae
2507 2997 2560 3027 se
2596 2982 2751 3026 ferens

273 3068 596 3110 dubitationem
630 3067 813 3110 iniicere
850 3074 1032 3123 poterat
1064 3066 1368 3124 Peerlkampo
1399 3081 1533 3123 quum
1568 3067 1670 3109 inde
1708 3080 1736 3108 a
1769 3081 1812 3108 v.
1845 3065 1900 3108 14
1936 3064 2085 3108 omnia
2123 3064 2424 3107 audacissima
2461 3077 2596 3106 manu
2626 3075 2752 3104 rese-

271 3159 380 3189 care
416 3153 676 3190 conaretur.
748 3145 1044 3204 Longinquae
1078 3149 1194 3191 enim
1223 3148 1463 3190 memoriae
1500 3146 1861 3189 recordationem
1895 3145 1938 3187 in
1973 3144 2043 3187 his
2074 3144 2226 3188 verbis
2263 3151 2430 3202 poetae
2458 3145 2638 3195 inesse,
2672 3156 2751 3200 ap-

270 3240 437 3283 parere
468 3227 645 3270 videtur
683 3239 740 3268 ex
771 3225 818 3269 S.
851 3227 1106 3285 Augustino
1142 3228 1197 3270 de
1231 3227 1324 3271 civ.
1354 3227 1441 3271 Dei
1476 3227 1527 3280 3,
1565 3228 1614 3269 7:
1663 3226 1881 3280 „Eversis
1912 3225 2079 3282 quippe
2111 3232 2155 3267 et
2185 3224 2383 3267 incensis
2419 3222 2622 3265 omnibus
2650 3236 2752 3265 cum

269 3306 439 3365 oppido
478 3306 583 3362 (int.
615 3305 750 3350 Troia
793 3319 878 3363 per
919 3301 1185 3370 Fimbriam)
1231 3306 1507 3360 simulacris,
1546 3307 1691 3352 solum
1726 3304 1963 3348 Minervae
2000 3303 2285 3348 simulacrum
2329 3305 2414 3347 sub
2455 3309 2581 3345 tanta
2625 3303 2752 3346 ruina

268 3385 421 3444 templi
456 3385 574 3431 illius
607 3394 656 3431 ut
682 3385 840 3431 scribit
874 3386 1029 3431 Livius
1065 3387 1284 3445 integrum
1314 3388 1497 3433 stetisse
1534 3387 1842 3445 perhibetur.“
1894 3384 2027 3435 Quod
2056 3386 2284 3443 pertinere
2314 3384 2490 3428 videtur
2521 3385 2577 3427 ad
2607 3399 2652 3427 v.
2672 3383 2750 3427 23:
