3008 3764
1339 128 1695 188 ...31-

489 304 639 348 Burm.
673 302 814 348 voluit
847 301 1037 361 patris
1057 312 1112 356 p.
1147 298 1318 352 satis,
1355 297 1478 356 quod
1509 297 1740 356 epitheton
1775 298 1973 341 Homero
2011 297 2182 341 Zenoni
2215 298 2357 341 Ennio
2390 297 2616 352 solemne,
2656 311 2747 340 non

269 384 467 428 Horatio.
536 382 868 439 Peerlkampus
902 394 948 437 p.
970 378 1053 422 180
1088 378 1302 422 coniecit:
1339 378 1620 435 Quodque
1651 379 1802 423 vatis
1832 391 1890 421 ex
1910 378 2151 420 imitatione
2181 376 2232 421 C.
2254 378 2296 431 2,
2330 378 2359 421 6
2393 379 2547 422 vatis
2584 378 2746 421 amici

274 464 391 522 quod
424 463 544 508 haud
578 462 675 508 scio
707 473 767 504 an
802 456 1032 503 sublimius
1068 471 1154 517 pro
1198 456 1334 502 huius
1373 455 1469 501 loci
1516 458 1794 513 conditione,
1836 458 1913 502 ubi
1949 471 2083 516 quum
2127 465 2267 516 poeta
2307 458 2363 502 de
2400 465 2558 503 ventre
2607 456 2744 502 molli-

269 545 385 588 endo
432 543 558 601 lagat
606 539 754 585 statim
801 537 919 598 addit
960 537 1252 587 Horatianum
1285 550 1492 580 versum:
1558 536 1744 580 Mitulus
1790 545 1835 580 et
1871 536 1985 581 viles
2034 536 2207 594 pellent
2253 539 2478 582 obstantia
2525 537 2741 582 conchae.

269 624 538 683 Nuperrime
595 617 781 662 Lachm.
827 619 884 660 ad
928 618 1110 661 Lucret.
1150 632 1196 674 p.
1240 616 1318 659 17:
1392 617 1657 676 „Quodque
1707 618 1826 660 tuis
1875 617 2071 661 melius“
2123 619 2200 661 ubi
2252 619 2461 677 displicet
2509 621 2743 662 vocativus

268 707 386 751 nude
429 702 606 763 positus
651 698 866 743 Horati.
936 699 1091 756 Itaque
1135 698 1331 743 nondum
1391 698 1592 757 poenitet
1649 698 1941 743 coniecturae
1983 711 2136 753 meae,
2192 713 2323 757 quam
2370 698 2569 744 feceram
2616 708 2742 743 ante-

271 801 402 844 quam
435 779 727 837 Peerlkampi
755 787 799 824 et
828 779 1107 823 Lachmanni
1141 778 1482 824 emendationes
1515 780 1769 824 novissem:
1840 778 2104 835 „Quodque
2138 780 2255 822 cati
2300 779 2456 823 melius
2492 780 2642 823 verbis
2681 780 2742 822 di-

269 878 422 911 cemus
466 859 672 905 Ηοηηί.66
744 860 878 911 Quod
923 858 1152 916 epitheton
1197 859 1397 917 apprime
1438 860 1651 905 convenit
1686 873 1820 916 quum
1865 858 2125 903 Mercuriali
2158 860 2254 904 viro
2302 867 2350 903 ut
2394 859 2481 917 ipsi
2511 859 2739 902 Mercurio

271 944 349 1000 (C.
387 940 440 994 1,
479 939 562 996 10)
600 947 690 984 tum
724 940 767 983 in
800 938 921 983 hunc
956 938 1107 982 locum
1143 939 1357 996 quadrat,
1394 941 1469 984 ubi
1503 948 1645 998 poeta
1672 939 1895 983 inducitur
1929 953 1988 983 ea
2020 941 2216 984 suadens
2254 954 2371 997 quae
2406 940 2508 997 ipse
2539 955 2625 983 usu
2664 955 2738 982 ex-

268 1029 424 1079 pertus
457 1028 554 1063 erat
589 1020 804 1063 salubria.

490 1117 534 1144 v.
570 1100 691 1143 613..
809 1098 928 1142 Hoc
957 1100 1180 1157 poterit
1209 1107 1448 1156 quartus
1480 1100 1662 1157 magni
1692 1108 2019 1144 monstrare
2054 1100 2306 1143 Lucreti.

267 1184 331 1225 lta
363 1196 475 1225 sane
506 1181 711 1238 plerique
738 1179 785 1222 ll.
824 1189 868 1223 et
895 1180 999 1224 alibi
1028 1181 1098 1224 sie
1128 1180 1394 1224 Samonicus
1429 1181 1554 1224 velut
1585 1196 1629 1224 v.
1656 1181 1762 1223 727:
1822 1180 2021 1223 Tertia
2055 1195 2290 1236 namque
2334 1181 2449 1223 Titi
2484 1181 2654 1223 simul
2689 1189 2743 1222 et

269 1270 400 1306 cent
413 1262 590 1304 esima
629 1260 776 1314 Livi,
825 1275 1096 1318 quamquam
1125 1261 1263 1317 etiam·
1289 1260 1548 1319 simpliciter
1584 1260 1826 1305 Plautus
1855 1276 1898 1302 v.
1933 1260 2031 1303 429.
2104 1260 2397 1304 Memorabile
2434 1268 2585 1303 tamen
2623 1262 2742 1318 quod

266 1346 313 1389 in
347 1341 592 1386 Kenchenii
621 1356 702 1384 ms.
730 1340 893 1400 legitur
929 1344 984 1385 ab
1020 1341 1341 1385 Ackermanno
1377 1343 1772 1400 praetermissum:
1807 1342 1993 1385 virtus
2029 1343 2177 1400 magni
2205 1357 2259 1385 m.
2287 1344 2339 1385 L.
2371 1343 2741 1400 quemadmodum

269 1426 454 1466 virtus
507 1420 818 1479 Scipiadae
865 1424 922 1465 ab
961 1422 1151 1472 Horatio
1192 1423 1349 1465 dicitur
1387 1422 1436 1465 S.
1472 1423 1522 1477 2,
1571 1423 1624 1474 1,
1668 1422 1723 1463 72
1768 1429 1812 1464 et
1854 1423 2038 1479 prisci
2085 1422 2323 1466 Catonis
2369 1423 2420 1466 C.
2461 1423 2516 1477 3,
2557 1423 2635 1477 21,
2671 1424 2739 1464 ll.

270 1503 485 1548 Confusio
528 1502 691 1546 saltem
729 1504 963 1561 utriusque
1007 1504 1136 1547 vocis
1171 1503 1316 1547 facilis
1348 1505 1386 1547 si
1420 1502 1592 1547 IVtus
1629 1504 1849 1561 scriptum
1884 1503 1988 1547 olim
2024 1511 2124 1546 erat
2156 1505 2383 1562 potuitque
2422 1504 2555 1546 etiam
2585 1503 2741 1561 glossa

269 1586 520 1704 irreperev
509 1582 626 1624 idem
661 1582 951 1626 vocabulum.

524 1661 656 1705 ,624
726 1647 973 1707 cochle‘a
1015 1663 1238 1721 synizesis
1275 1672 1322 1707 ut
1360 1662 1413 1705 H.
1452 1661 1499 1705 S.
1535 1662 1586 1716 2,
1624 1663 1680 1717 4,
1717 1663 1774 1707 59
1812 1677 1944 1720 quem
1970 1663 2012 1707 in
2038 1663 2169 1708 huius
2205 1665 2332 1708 vocis
2370 1665 2683 1707 contractione
2712 1678 2740 1707 a

267 1740 439 1786 Lucilio
475 1742 676 1798 pendere
713 1742 975 1788 observavit
1009 1741 1195 1786 Lachm.
1235 1742 1294 1786 ad
1329 1742 1507 1786 Lucret.
1544 1757 1589 1799 p.
1620 1742 1715 1786 122.
1787 1744 1998 1801 Idemque
2032 1740 2244 1789 Horatius
2290 1752 2491 1788 ostrea
2528 1742 2576 1787 S.
2644 1744 2741 1798 ,2,

268 1823 338 1876 21,
375 1835 547 1865 cerea
576 1821 635 1865 ib.
675 1821 715 1875 1,
746 1821 790 1876 8,
819 1822 901 1876 43,
936 1821 1103 1867 alveo
1131 1821 1182 1866 C.
1213 1822 1256 1875 3,
1286 1822 1329 1875 7,
1363 1821 1432 1865 28.
1468 1821 1537 1876 29,
1567 1822 1634 1866 34.
1708 1823 1853 1872 Quem
1887 1824 1930 1866 ἰιι
1960 1823 2029 1867 his
2063 1825 2265 1880 sequitur
2300 1824 2434 1868 Silius
2474 1825 2543 1877 14,
2579 1775 2663 1867 428
2698 1833 2740 1867 et

270 1901 347 1954 15,
384 1899 493 1953 634,
527 1907 576 1943 ut
601 1896 786 1945 Ovidius
817 1915 993 1946 aurea
1025 1902 1143 1946 dicit.
1214 1900 1351 1944 Solus
1390 1908 1537 1943 autem
1573 1900 1783 1945 Horatius
1819 1904 1993 1946 vietis
2031 1918 2104 1960 ep.
2144 1903 2221 1957 12,
2258 1904 2296 1945 7.

488 1995 532 2022 v.
566 1979 663 2022 713.
806 1980 1017 2025 Ennius
1051 1983 1178 2039 ipse
1209 1989 1375 2038 pater
1408 1981 1527 2022 dum
1562 1981 1776 2037 pocula
1811 1984 2002 2026 siccat
2032 1983 2231 2039 iniqua

270 2060 545 2116 compositus
583 2067 653 2101 est
689 2074 745 2101 ex
779 2060 830 2102 E.
872 2061 910 2113 1,
949 2061 1017 2114 19,
1054 2062 1104 2103 7:
1140 2061 1361 2103 Ennius
1397 2062 1523 2118 ipse
1559 2069 1726 2118 pater
1752 2071 1796 2104 et
1826 2063 1872 2104 S.
1910 2063 1951 2116 2,
1973 2063 2113 2117 6,68:
2151 2063 2353 2107 Siccat
2388 2065 2736 2121 inaequales

273 2139 506 2182 calices.

489 2234 532 2263 v.
563 2219 660 2263 741.
733 2219 1104 2279 Pythagorae
1140 2228 1391 2279 cognata
1427 2239 1477 2263 =
1513 2219 1559 2264 S.
1596 2221 1638 2276 2,
1673 2221 1717 2277 6,
1752 2222 1808 2266 63
1845 2223 1883 2266 Ο
1917 2225 2139 2281 quando
2184 2223 2321 2269 faba
2366 2225 2736 2285 Pythagorae

271 2317 413 2361 coo-n
426 2309 530 2345 ata

491 2396 535 2424 v.
568 2378 664 2423 850.
717 2343 1005 2425 Varronis
1035 2379 1141 2425 fuit
1173 2382 1287 2426 ista
1320 2382 1483 2426 senis
1519 2384 1810 2427 sententia
1846 2385 2006 2427 eodem
2040 2399 2179 2429 sensu
2217 2399 2306 2442 quo
2339 2385 2386 2429 S.
2426 2386 2478 2440 2,
2518 2387 2559 2439 1,
2590 2386 2645 2430 34
2681 2387 2734 2428 de

269 2462 464 2507 Lucilio:
498 2468 704 2519 pateat
745 2459 930 2504 veluti
969 2462 1276 2520 descripta
1322 2460 1544 2506 tabella
1583 2453 1591 2512 Ι
1634 2460 1763 2505 Vita
1807 2464 1979 2507 senis.

490 2556 533 2585 v.
569 2540 667 2584 932.
830 2541 899 2584 At
939 2542 1028 2598 qui
1063 2542 1355 2585 continuis
1387 2555 1496 2585 non
1530 2550 1726 2586 cessat
1761 2544 1918 2586 adire
1957 2544 2156 2587 diebus

830 2618 938 2663 Sed
974 2627 1191 2665 tantum
1227 2629 1415 2666 certas
1446 2622 1674 2665 morbus
1710 2622 2070 2666 discriminat
2105 2621 2282 2667 horas

268 2701 523 2743 Pronomen
556 2700 806 2745 seiunctum
841 2715 869 2743 a
904 2702 1081 2745 nomine
1129 2718 1213 2745 suo
1260 2701 1457 2745 similiter
1491 2701 1545 2744 H.
1582 2701 1630 2745 C.
1666 2702 1722 2754 4,
1760 2701 1813 2744 13
1848 2715 1918 2758 sq.
1978 2702 2131 2751 Quae
2175 2703 2440 2758 spirabat
2485 2718 2734 2745 amores.

268 2793 409 2836 quae
446 2793 525 2821 me
562 2778 875 2837 surpuerat
904 2779 1323 2825 mihi—facies.
1362 2780 1495 2824 Silius
1523 2781 1665 2835 3,577
1697 2781 1880 2838 Atque
1917 2780 2015 2824 ille
2036 2791 2080 2823 et
2110 2782 2285 2825 demum
2305 2800 2348 2826 v.
2368 2783 2576 2840 580p0p
2594 2783 2734 2825 ulus.

487 2874 531 2902 v.
566 2858 688 2902 1061.
831 2861 897 2904 Ut
934 2870 1094 2905 tutus
1131 2861 1247 2906 fias
1283 2862 1536 2906 infestae
1571 2861 1775 2905 fraude
1806 2876 2097 2905 novercae

264 2940 439 2984 Versus
471 2938 806 2997 elegantissimo
843 2949 981 2999 poeta
1015 2942 1236 3000 indignus.
1309 2942 1469 2986 Scribe
1501 2957 1696 2985 mecum:
1750 2942 2001 2986 infestae
2048 2958 2077 2987 a
2113 2942 2318 2987 fraude
2359 2959 2642 2988 novercae
2687 2955 2735 2988 ut

267 3021 320 3065 H.
352 3020 398 3064 S.
429 3019 481 3072 2,
508 3018 557 3072 l,
586 3018 663 3062 42:
698 3027 857 3066 tutus
891 3023 957 3065 ab
993 3021 1234 3066 infestis
1258 3022 1615 3070 latronibus.

489 3098 702 3142 Ceterum
733 3099 822 3166 iam
855 3101 976 3145 hunc
1010 3102 1174 3145 vitioso
1211 3102 1384 3146 Horatii
1416 3102 1664 3160 exemplari
1698 3116 1827 3147 usum
1857 3116 1987 3157 esse,
2027 3117 2084 3147 ex
2113 3120 2158 3149 v.
2176 3105 2263 3150 536
2292 3120 2511 3164 apparere
2543 3106 2738 3152 videtur.

267 3182 341 3226 ubi
377 3177 597 3237 mugilis
635 3177 764 3221 affert
800 3193 856 3222 ex
895 3180 943 3223 S.
975 3181 1025 3235 2,
1059 3180 1114 3235 4,
1148 3180 1205 3225 28
1239 3198 1283 3240 p.
1316 3197 1428 3227 vera
1461 3183 1655 3228 lectione
1690 3183 1932 3228 mitulus.

487 3257 583 3303 Ecl.
611 3257 662 3312 3,
697 3257 754 3301 20
788 3261 1039 3304 verbere
1075 3260 1251 3305 multo
1287 3275 1338 3300 =
1371 3261 1426 3305 Η.
1458 3262 1511 3308 C.
1546 3263 1599 3317 3,
1633 3263 1715 3318 27,
1744 3263 1812 3307 23.

496 3340 609 3385 -4,
623 3339 703 3384 142
715 3353 784 3398 sq.
822 3338 887 3383 Tu
926 3354 1107 3398 quoque
1137 3349 1304 3387 mutata
1337 3356 1424 3388 seu
1458 3345 1625 3402 Iupiter
1657 3344 1759 3402 ipse
1791 3342 1940 3401 figura

826 3418 1000 3464 Caesar
1033 3420 1145 3464 ades
1175 3434 1259 3465 seu
1293 3423 1393 3479 quis
1428 3437 1644 3482 superum
1678 3423 1763 3468 sub
1791 3423 1985 3482 imagine
2021 3424 2141 3469 salsa

2761 3258 2916 3315 Calpur-

2785 3319 2879 3342 niue.
