3008 3764
458 299 537 343 Cui
566 300 684 342 addo
716 313 773 342 ex
802 298 979 340 Auson.
1012 307 1082 349 ep.
1114 292 1221 336 131:

801 375 954 418 Causa
982 372 1092 415 latet
1117 373 1332 417 bimarem
1363 374 1447 416 nisi
1482 375 1599 431 quod
1631 375 1841 429 patientia
1874 375 2109 418 morbum

941 452 1143 509 Appetit.

460 541 589 589 Quae
620 532 934 589 componenda
965 546 1063 577 cum
1079 532 1132 574 H.
1157 532 1205 576 C.
1227 534 1265 584 1,
1289 532 1438 593 37,.9;
1472 528 1852 589 Contaminato
1881 547 1992 575 cum
2023 547 2191 591 grege
2218 536 2452 590 turpium
2488 536 2493 590 Ι
2523 535 2708 577 Morbo

237 620 488 662 virorum.
549 596 747 669 Turpis
780 612 903 677 ,enim
932 612 977 653 in
1005 611 1092 654 hac
1120 626 1171 655 re
1201 627 1293 655 non
1319 613 1462 669 magis
1491 613 1672 670 proprie
1702 627 1833 669 quam
1871 614 2089 656 morbus
2122 615 2311 669 ponitur.
2371 614 2464 656 Cic.
2496 615 2547 664 Q.
2576 614 2706 657 Tusc.

237 699 285 752 3,
317 679 369 741 17
401 674 554 751 „Quid
585 701 656 736 est
690 701 836 735 autem
861 692 1051 749 nequius
1080 700 1157 734 aut
1187 693 1400 749 turpius
1432 693 1683 736 effeminato
1704 693 1871 736 viro‘3“
1912 702 1956 735 et
1985 702 2142 736 auctor
2162 694 2378 736 Octaviae
2402 693 2505 736 433:
2543 695 2706 752 Turpi

236 780 404 824 libido
428 775 652 816 Venere.
696 774 824 822 Quae
846 772 996 814 monui
1016 781 1203 829 propter
1221 771 1503 829 Peerlkampi
1530 782 1781 816 contortam
1799 774 2030 829 rationem,
2055 789 2111 817 ex
2138 789 2227 831 qua
2247 775 2444 816 morbum
2460 789 2540 830 per
2557 776 2705 830 φύσιν,

238 867 462 907 naturam,
492 853 684 897 indolem
712 856 1030 910 interpretatus
1061 861 1144 895 est.
1208 852 1452 897 Collocatio
1481 862 1629 897 autem
1659 854 1915 906 verborum,
1950 868 2038 911 qua
2055 854 2287 898 Bentleius
2303 855 2478 897 videtur
2507 855 2703 899 offensus

241 952 364 988 esse,
404 950 493 979 non
528 933 613 977 alia
644 944 714 977 est
742 934 871 987 acl,
902 931 1051 987 2523.
1082 933 1126 978 4.
1165 934 1298 976 vitio
1338 942 1622 990 parentum
1657 933 1664 991 Ι
1701 947 1823 977 rara
1860 934 2123 985 iuventus3
2157 934 2231 991 13,
2270 934 2343 977 1οι
2387 934 2702 979 immodicae

239 1015 420 1073 mero'l
457 1016 638 1067 rixae3
670 1015 719 1068 2,
751 1012 904 1070 13‚‚32
935 1013 1152 1056 densum
1181 1012 1425 1057 'humeris
1448 1014 1581 1056 bibit
1611 1027 1741 1056 aure
1773 1013 1989 1071 vulgus3
2022 1014 2094 1071 15,
2123 1014 2151 1057 9
2185 1015 2372 1071 spissa
2400 1016 2560 1058 ramis
2587 1015 2702 1059 lau-

238 1110 352 1147 rea3
380 1096 427 1152 3,
455 1095 506 1149 5,
537 1097 588 1139 5:
626 1095 861 1152 coniuge
898 1094 1130 1138 barbara
1168 1093 1174 1151 Ι
1209 1094 1384 1151 turpis
1413 1094 1656 1143 maritus3
1695 1091 1769 1143 10,
1804 1092 1857 1135 14
1901 1094 2098 1137 tinctus
2136 1094 2290 1137 viola
2328 1093 2532 1151 pallor3
2571 1095 2649 1147 22,
2676 1095 2701 1138 2

236 1177 560 1220 laborantes
588 1170 755 1218 utero⁴
777 1172 1002 1230 puellas.

462 1278 645 1321 Persius
677 1290 808 1333 quam
836 1275 1054 1334 frequens
1081 1275 1235 1319 Flacci
1264 1276 1456 1318 imitator
1484 1273 1640 1331 fuerit,
1672 1274 1836 1331 optime
1867 1274 1999 1318 docet
2025 1273 2399 1319 luculentissimus
2429 1276 2699 1321 uberrimus·
2744 1291 2883 1327 Poetae

238 1373 325 1417 que
351 1364 648 1417 conspectus,
678 1371 809 1413 quem
841 1355 1140 1400 casaubonus
1169 1357 1213 1398 in
1243 1356 1436 1398 editione
1467 1368 1550 1398 sua
1580 1354 1726 1405 dedit,
1773 1354 1846 1396 cui
1874 1355 1990 1397 adde
2019 1356 2058 1397 si
2087 1354 2194 1397 libet
2220 1368 2335 1411 quae
2365 1355 2418 1400 Ο.
2446 1354 2635 1399 Jahnius
2666 1371 2703 1399 v.
2726 1349 2889 1385 Satin-ici.

238 1439 294 1482 cl.
325 1437 471 1481 attulit
499 1437 542 1480 in
572 1436 692 1479 Prol.
719 1452 762 1493 p.
794 1436 972 1479 CXCIII
1001 1451 1043 1479 n.
1102 1436 1322 1480 Iuvenalis
1351 1435 1560 1478 abstinuit
1589 1433 1686 1477 fere
1716 1434 1772 1476 ab
1803 1432 1974 1476 Horatii
2017 1434 2280 1489 imitatione,
2312 1443 2359 1477 ut
2389 1435 2523 1477 etiam
2555 1434 2607 1480 C.
2629 1435 2701 1478 Fr.

238 1519 540 1562 Hermannum
570 1519 771 1561 iudicare
810 1519 941 1561 video
981 1519 1037 1560 de
1067 1517 1198 1560 codd.
1226 1515 1444 1559 Iuvenalis
1473 1531 1514 1572 p.
1545 1516 1584 1559 9.
1643 1515 1729 1565 Qui
1771 1529 1873 1557 num
1910 1515 2027 1557 hunc
2062 1516 2104 1557 in
2134 1515 2212 1573 Ep.
2243 1515 2316 1572 13,
2351 1517 2425 1561 111
2485 1516 2701 1559 Nobilis

236 1607 291 1642 ut
317 1599 511 1656 grandi
540 1599 737 1642 cecinit
767 1593 1074 1641 Centaurus
1105 1597 1313 1640 alumno
1349 1597 1602 1653 respexerit
1633 1595 1741 1648 S.7,
1773 1595 1877 1638 210:
1905 1596 2159 1639 Metuens
2189 1597 2375 1651 virgae
2405 1597 2509 1640 iam
2540 1610 2699 1652 gran-

238 1679 318 1722 dis
344 1678 601 1722 Achilles
637 1678 645 1736 l
683 1677 953 1721 Cantabat
981 1678 1160 1720 dubium
1187 1676 1330 1719 videri
1354 1684 1525 1733 potest,
1556 1689 1825 1733 quamquam
1854 1675 1987 1720 facile
2003 1684 2073 1720 est
2092 1676 2305 1734 παρωδίας
2333 1677 2534 1733 speciem
2565 1690 2699 1733 agno·

237 1772 385 1802 scere.
443 1759 731 1802 Imitationem
763 1759 985 1815 quandam
1017 1758 1113 1800 eius
1143 1757 1254 1809 (Sat.
1283 1756 1364 1798 XII
1390 1756 1501 1810 init.)
1529 1757 1828 1799 observarunt
1857 1755 2141 1799 Scholiastae
2170 1757 2228 1798 ad
2256 1756 2303 1798 C.
2330 1756 2383 1807 4,
2414 1756 2490 1808 11,
2521 1756 2588 1798 17.

459 1849 701 1906 Sulpiciam
727 1849 883 1893 Caleni
910 1863 955 1892 v.
983 1848 1061 1893 482
1114 1862 1248 1906 quos
1284 1848 1432 1890 inter
1475 1847 1648 1903 prisci
1677 1846 1954 1889 sententia
1995 1845 2080 1888 dia
2112 1846 2332 1889 Catonis
2360 1847 2611 1903 sumpsisse
2642 1860 2698 1888 ex

238 1929 294 1975 H.
329 1930 374 1973 S.
406 1929 453 1982 1,
482 1929 530 1982 2,
558 1928 614 1972 32
645 1930 783 1972 risum
812 1928 1011 1973 fortasse
1042 1942 1225 1972 movere
1256 1934 1406 1985 potest
1434 1925 1658 1982 reputanti
1687 1937 1775 1982 qua
1807 1925 1863 1967 de
1891 1938 1942 1967 re
1970 1932 2059 1967 tam
2087 1923 2277 1968 humane
2317 1925 2584 1968 iudicaverit
2613 1925 2694 1968 Ca-

235 2011 352 2053 tonis
378 2009 611 2053 severitas

457 2098 577 2152 Nec,
607 2106 656 2142 ut
685 2098 800 2142 haec
829 2098 1142 2153 adiungamm,
1171 2088 1420 2140 fabularum
1449 2096 1719 2152 scriptorum
1750 2095 1966 2152 frequens
1994 2096 2196 2148 imitatio,
2223 2110 2311 2153 quo
2337 2095 2492 2140 refero
2505 2095 2699 2140 Phaedri

235 2178 283 2235 3,
311 2179 423 2235 prol.
449 2178 506 2221 47
514 2194 526 2222 :
569 2177 742 2231 „stulte
781 2193 847 2223 nu
859 2179 1004 2222 dabit
1039 2178 1174 2221 animi
1215 2176 1570 2221 conscientiam“
1612 2175 1689 2219 ubi
1722 2174 1982 2219 Schefferus
2016 2174 2186 2218 Livium
2227 2176 2288 2218 ita
2322 2174 2553 2233 loquutum
2593 2190 2697 2219 esse

238 2260 434 2304 ostendit
464 2266 509 2302 et
537 2267 728 2316 utraque
757 2259 882 2315 prior
906 2258 1060 2301 Horat.
1092 2259 1201 2302 dixit
1231 2257 1279 2301 S.
1305 2257 1354 2311 2,
1385 2248 1441 2309 5,
1458 2257 1535 2298 47:
1577 2271 1672 2308 „ne
1701 2255 1985 2299 manifestum
2015 2254 2208 2299 Caelibis
2240 2256 2505 2313 obsequium
2533 2257 2698 2300 nudet

235 2341 317 2383 te“
347 2340 461 2383 etin
492 2339 652 2382 eodem
679 2338 793 2382 libro
821 2338 1056 2383 Phaedrus
1089 2338 1166 2390 10,
1197 2338 1268 2383 17:
1297 2337 1643 2394 „Stuproque
1672 2336 1790 2392 turpi
1819 2334 1991 2392 pollui
2022 2334 2184 2378 famam
2216 2336 2410 2380 domus“
2441 2353 2488 2372 =
2518 2336 2572 2380 H.
2591 2336 2637 2381 C.
2654 2337 2696 2389 4,

237 2420 284 2473 5,
315 2420 392 2463 21:
426 2419 559 2464 nullis
586 2418 863 2477 polluitur
890 2427 1018 2463 casta
1045 2421 1202 2464 domus
1229 2418 1480 2475 stupris.“
1511 2443 1559 2452 —-
1595 2415 1734 2459 Paulo
1762 2417 2015 2459 inusitatius
2041 2416 2243 2460 Avianus
2272 2432 2361 2474 pr.:
2388 2417 2587 2473 „Verum
2613 2417 2695 2460 has

241 2515 317 2558 pro
349 2499 556 2557 exemplo
584 2499 762 2543 fabulas
790 2507 834 2542 et
850 2499 1069 2543 Socrates
1099 2499 1260 2542 divinis
1289 2499 1500 2555 operibus
1528 2497 1685 2539 indidit
1705 2504 1749 2538 et
1778 2511 1841 2553 po
1858 2497 2020 2539 emati
2047 2510 2141 2539 suo
2171 2496 2405 2540 Flaccus
2435 2511 2501 2555 ap
2514 2499 2696 2551 tavit,“

240 2581 308 2624 ubi
339 2579 653 2638 Cannegieteri
684 2580 911 2624 annotatio
941 2595 1026 2625 nos
1051 2588 1175 2625 vetat
1199 2580 1433 2638 quominus
1461 2579 1515 2622 de
1545 2575 1629 2619 alio
1659 2575 1823 2620 Flacco
1855 2589 1913 2619 ac
1944 2576 2174 2619 Venusino
2206 2577 2475 2633 cogitemus.

457 2670 799 2715 Audacissimus
829 2680 965 2728 poeta
995 2672 1214 2715 audacem
1243 2670 1300 2715 H.
1331 2676 1600 2713 structuram
1633 2667 1684 2711 C.
1712 2668 1764 2721 4,
1796 2668 1847 2721 7,
1877 2668 1905 2711 3
1936 2676 2208 2725 mutatque
2254 2669 2413 2714 vices
2443 2676 2604 2728 aequat
2635 2670 2697 2712 di·
2722 2682 2883 2718 Statius.

238 2749 384 2791 cendo
413 2755 598 2791 votum
629 2762 828 2804 cupere
861 2748 968 2793 Silv.
1000 2750 1040 2802 1,
1070 2749 1112 2801 2,
1146 2749 1226 2791 107
1258 2748 1314 2791 cl.
1345 2747 1519 2790 Handio
1549 2761 1590 2789 v.
1623 2747 1675 2790 cl.
1706 2748 1950 2804 tertiusque
1977 2748 2154 2790 accedit
2185 2747 2397 2805 Calpurn.
2428 2749 2522 2793 Ecl.
2552 2750 2615 2801 11,
2645 2749 2699 2792 13

239 2826 419 2882 lugere
457 2826 738 2884 querelas,

454 2928 693 2973 Hiberno
733 2930 1037 2986 deprensus
1077 2932 1262 2972 navita
1296 2939 1460 2987 ponto
1492 2929 1631 2972 Theb.
1663 2930 1710 2982 2,
1740 2929 1823 2971 370
1851 2946 1895 2963 =
1926 2928 2100 2970 Otium
2145 2930 2306 2973 divos
2333 2940 2489 2989 rogat
2517 2932 2566 2972 in
2598 2945 2698 2987 pa·

240 3011 372 3054 tenti
398 3023 636 3068 prensus
663 3010 887 3067 Aegaeo
918 3010 971 3053 H.
1001 3010 1052 3053 C.
1076 3011 1218 3065 2,16.
1249 3019 1445 3055 tenens
1475 3019 1684 3069 partum
1718 3036 1769 3041 -—
1801 3011 2040 3068 patentis
2066 3011 2283 3054 Homeri
2314 3022 2532 3070 tamquam
2561 3013 2699 3056 maris

237 3101 392 3137 auctor
421 3089 656 3148 epit.lliad.
681 3091 802 3135 1071.
832 3091 1096 3136 Fluminei
1124 3093 1272 3137 velut
1304 3095 1612 3152 deprensus
1643 3094 1881 3151 gurgitis
1909 3092 2072 3134 undis
2102 3093 2181 3137 Sil.
2209 3094 2286 3147 15,
2317 3093 2414 3139 488.
2442 3118 2491 3126 —-
2523 3094 2699 3138 Inimi-

238 3180 362 3218 cent
389 3172 446 3217 ib.
469 3171 517 3225 2,
547 3170 633 3214 419
659 3186 712 3210 -··
734 3170 782 3214 G.
804 3172 931 3225 4,15,
964 3172 1020 3215 20
1045 3179 1089 3216 et
1117 3173 1290 3218 Auson.
1318 3188 1420 3232 epp.
1451 3174 1527 3226 24,
1558 3172 1628 3216 63.
1662 3197 1709 3205 --
1743 3172 1980 3216 Infames
2013 3174 2281 3231 scopulos
2311 3175 2365 3217 ib.
2392 3173 2433 3227 3,
2466 3174 2546 3217 121
2579 3175 2701 3219 nullo

237 3254 430 3298 ablativo
461 3251 611 3296 addito
642 3264 772 3308 quem
804 3253 969 3297 abesse
998 3268 1089 3298 non
1119 3269 1259 3312 posse
1289 3256 1464 3300 censuit
1488 3253 1769 3311 Peerlkamp.
1799 3253 1853 3296 ad
1884 3253 1936 3300 C.
1969 3254 2016 3307 1,
2045 3253 2084 3306 3,
2114 3254 2182 3299 20.
2208 3281 2262 3288 -
2286 3255 2620 3300 Perventum
2645 3258 2700 3301 ib.

238 3347 337 3377 cum
355 3333 474 3377 nudo
504 3331 767 3376 accusativo
799 3347 844 3366 =
874 3332 920 3376 S.
940 3332 982 3386 2,
1000 3333 1043 3386 6,
1062 3332 1138 3377 32:
1170 3343 1223 3378 at
1252 3334 1410 3379 simul
1441 3343 1588 3378 atras
1618 3334 1842 3377 Ventum
1877 3342 1961 3377 est
1988 3333 2292 3392 Esquilias,
2321 3342 2368 3378 ut
2399 3334 2619 3381 delatus
2648 3361 2701 3370 —

243 3427 364 3458 oras
396 3411 476 3457 Sil.
496 3411 565 3466 13,
578 3410 741 3457 888.--
765 3410 1069 3466 Damnosa,
1100 3415 1218 3471 quod
1250 3423 1294 3459 et
1323 3415 1507 3460 Ovidius
1536 3422 1580 3458 et
1610 3415 1872 3472 Propertius
1901 3413 2085 3469 habent,
2116 3415 2296 3472 egregie
2324 3415 2516 3461 restituit
2543 3417 2703 3461 Mark-

2135 3503 2195 3545 4.
