3008 3764
1245 143 1597 201 -19-

189 320 289 352 cum
315 307 456 352 Bentl.
485 308 534 353 E.
565 309 612 361 1,
641 308 713 361 18,
743 306 824 361 56,
855 304 974 362 quod
1002 303 1121 346 idem
1150 303 1246 347 vitii
1272 316 1417 362 genus
1446 304 1656 360 optimum
1684 302 1938 345 Mediceum
1968 303 2205 359 occupavit
2233 303 2287 348 A.
2308 303 2346 355 1,
2363 303 2419 346 70
2448 316 2654 346 amnem

190 386 474 447 Visurgim
501 403 584 447 pro
613 386 874 434 Amisiam
901 382 1200 427 exhibentem.
1249 383 1316 427 Ita
1343 383 1560 428 Teucer
1590 399 1635 440 p.
1666 383 1870 427 Nireus
1899 383 2019 441 quod
2037 383 2081 427 in
2103 390 2226 427 textu
2245 384 2447 440 reposuit
2460 383 2653 428 Werns-

192 468 380 523 dorfius,
411 468 570 527 legitur
597 468 644 511 in
667 465 794 509 libris
823 477 930 508 mss.
960 470 1006 506 et
1032 461 1266 520 impressis
1295 464 1415 520 apud
1444 470 1561 506 auct.
1592 463 1698 520 epit.
1729 462 1852 506 Iliad.
1881 477 1922 506 v.
1949 462 2043 506 194.
2073 464 2260 520 parique
2295 477 2485 520 prorsus
2520 464 2653 507 modo

192 548 421 593 Tullius
458 564 503 605 p.
533 545 747 590 Plinius
788 544 907 601 apud
936 543 1102 588 'Seren.
1134 543 1318 589 Samon.
1345 558 1387 586 v.
1415 542 1486 586 56.
1542 541 1643 591 Quo
1675 542 1717 585 in
1747 555 1914 598 genere
1942 542 2127 598 saepius
2159 543 2477 596 dubitabimus,
2507 551 2652 586 utrum

189 628 467 674 librariorum
495 624 629 682 culpa
653 624 711 668 sit
741 638 799 667 an
829 631 1078 670 auctorum.
1136 624 1250 667 Nam
1283 624 1403 683 quod
1433 622 1643 666 Ciceroni
1672 624 1834 666 accidit
1863 632 1909 667 ut
1936 622 2170 681 Eupolis
2206 621 2425 666 scribere’t
2454 638 2496 681 p.
2524 624 2653 666 Ari·

191 709 495 768 stophanes
523 705 629 763 (Ep.
652 705 711 748 ad
733 704 828 750 Att.
862 704 930 758 12,
959 704 1003 758 6,
1032 703 1090 762 3)
1120 705 1264 762 potuit
1293 710 1418 747 certe
1449 702 1547 746 aliis
1576 715 1752 761 quoque
1783 704 2007 747 accidere.

414 784 606 844 Scripsit
633 784 673 831 is
700 797 739 831 a.
760 783 844 830 238
857 799 900 843 p.
917 783 998 830 Ch.
1028 783 1282 843 rettulitque
1311 783 1508 830 fortasse
1539 783 1656 828 inter
1684 783 1877 827 maiores
1905 797 2012 828 suos
2031 782 2328 828 Censorinum
2358 782 2493 837 illum,
2525 783 2653 829 cuius
2676 790 2844 827 Censori-

193 866 567 928 perhonorificam
594 866 863 911 mentionem
893 878 921 909 a
949 863 1123 910 Velleio
1153 864 1319 910 iactam
1349 879 1455 910 esse
1485 877 1625 922 supra
1657 863 1946 910 ostendimus.
2009 863 2143 908 Certe
2174 864 2368 908 imitatus
2399 872 2468 908 est
2501 864 2545 908 in
2576 864 2651 909 de·
2701 873 2783 899 ⁰¹¹⁸·

193 948 414 992 dicatione
442 947 543 991 libri
573 948 643 991 sui
672 948 729 990 ad
758 945 1069 996 Q.Cerellium
1098 946 1223 989 missi
1250 946 1495 989 Horatiana
1524 945 1572 989 C.
1589 945 1632 999 4,
1663 944 1712 987 S:
1740 944 2009 988 Donarem
2038 954 2269 1001 pateras
2299 953 2387 988 etc.
2416 945 2478 988 ita
2507 946 2651 988 statim

192 1030 249 1070 ab
279 1027 423 1070 initio:
451 1027 671 1071 Munera
698 1041 762 1069 ex
791 1039 920 1069 auro
950 1025 1041 1068 vel
1072 1038 1205 1082 quae
1236 1039 1304 1068 ex
1333 1032 1562 1083 argento
1593 1026 1766 1068 nitent
1793 1024 2013 1068 caelato
2045 1040 2234 1082 opere,
2263 1039 2652 1082 nonnumquam

192 1108 424 1151 materia
456 1108 686 1151 cariora.
745 1106 823 1150 Sic
861 1106 977 1149 enim
1010 1105 1248 1149 incidendo
1279 1113 1384 1162 post
1421 1119 1589 1162 opere
1628 1104 1775 1147 locum
1814 1107 2050 1149 sanavisse
2090 1106 2193 1148 mihi
2239 1107 2395 1150 videor
2436 1112 2652 1162 sequutus

194 1187 330 1231 libros
357 1187 552 1243 DRglr
580 1187 701 1243 apud
732 1186 786 1229 Ο.
817 1185 1039 1241 Jahnium,
1068 1186 1142 1243 qui
1173 1200 1272 1228 cum
1301 1185 1612 1242 Havercampo
1645 1199 1794 1242 quam
1826 1186 2009 1228 inseruit
2046 1194 2149 1229 ante
2186 1188 2433 1230 materia.
2494 1186 2653 1228 lterum

193 1268 310 1311 idem
339 1283 378 1324 p.
406 1266 462 1310 26
492 1265 516 1309 Ι.
550 1266 597 1308 l:
645 1266 825 1322 Igitur
856 1265 1122 1323 quoniam
1151 1265 1383 1322 quisque
1426 1280 1531 1309 non
1570 1274 1768 1324 quanto
1804 1266 1960 1324 plura
2000 1268 2276 1323 possidet,
2320 1267 2418 1312 sed
2461 1275 2655 1324 quanto

193 1348 454 1404 pauciora
481 1353 639 1403 optat
666 1363 719 1385 =
745 1345 800 1389 H.
821 1344 870 1390 C.
891 1345 934 1398 4,
966 1345 1017 1395 9,
1045 1345 1120 1388 45:
1162 1345 1279 1389 Non
1307 1347 1692 1402 possidentem
1721 1347 1885 1390 multa
1914 1348 2204 1391 vocaveris
2234 1348 2412 1392 Recte
2442 1348 2654 1390 beatum

194 1437 282 1471 etc.
339 1427 546 1470 Revocat
572 1433 717 1469 autem
750 1425 986 1470 Censorini
1014 1425 1235 1482 praefatio
1264 1428 1307 1468 in
1337 1434 1525 1470 mentem
1566 1426 1754 1471 Vitruvii
1790 1428 2112 1471 dedicationem
2137 1429 2344 1485 Augusti,
2374 1428 2448 1485 qui
2482 1429 2521 1470 si
2551 1428 2656 1470 scri-

193 1508 285 1564 psit
314 1507 430 1566 quod
471 1520 588 1550 nunc
635 1506 909 1549 existimatur
942 1514 1044 1549 ante
1079 1519 1120 1548 a.
1150 1505 1254 1557 727,
1287 1506 1452 1562 legisse
1491 1508 1684 1550 nondum
1723 1509 1866 1564 potuit
1893 1507 2194 1563 Epistolarum
2221 1507 2378 1551 librum
2408 1507 2654 1551 secundum

196 1588 383 1634 Horatii.
443 1586 735 1630 Nihilominus
767 1586 939 1643 grande
980 1599 1038 1628 ex
1084 1598 1139 1627 ea
1172 1586 1442 1641 praesidium
1471 1588 1646 1630 accedit
1688 1587 1874 1643 pulcrae
1906 1588 2093 1631 Bentleii
2122 1588 2420 1632 emendationi
2448 1587 2496 1640 2,
2530 1587 2577 1642 1,
2606 1587 2653 1628 2:

759 1664 870 1709 Cum
901 1672 966 1707 tot
994 1665 1219 1709 sustineas
1250 1673 1294 1708 et
1322 1673 1445 1708 tanta
1473 1668 1652 1723 negotia
1683 1667 1808 1711 solus

753 1747 849 1789 Res
876 1745 1010 1788 Italas
1040 1747 1176 1789 armis
1206 1747 1382 1799 tuteris,
1414 1748 1708 1789 moenibus
1739 1762 1875 1790 ornes

755 1826 954 1885 Legibus
983 1827 1195 1871 emendes

420 1906 557 1952 Plane
589 1907 704 1951 enim
731 1908 793 1951 ita
822 1907 1073 1960 Vitruvius,
1100 1922 1230 1965 quem
1256 1909 1529 1965 praeterisse
1560 1907 1808 1952 Bentleium
1837 1908 1973 1952 miror
1999 1906 2141 1967 praef.
2171 1908 2218 1956 ‘2;
2260 1906 2407 1958 „Cum
2444 1920 2553 1950 vero
2592 1912 2656 1948 at·

199 1986 452 2040 tenderem,
481 1994 526 2032 te
554 2001 646 2031 non
676 1986 816 2030 solum
847 1988 903 2031 de
929 1987 1023 2032 vita
1054 1989 1277 2031 communi
1306 1989 1493 2032 omnium
1523 2001 1674 2031 curam
1705 1987 1997 2046 publicaeque
2033 1988 2100 2031 rei
2129 1987 2444 2030 constitutione
2474 1986 2657 2038 habere,

199 2065 284 2108 sed
314 2066 446 2108 etiam
473 2066 538 2110 de
564 2066 988 2123 opportunitate
1016 2066 1353 2123 publicorum
1383 2068 1786 2121 aedificiorum,
1817 2075 1865 2110 ut
1894 2067 2051 2110 civitas
2079 2080 2162 2123 per
2191 2074 2234 2110 te
2262 2081 2353 2110 non
2384 2065 2527 2109 solum
2558 2079 2658 2122 pro-

200 2144 356 2189 vinciis
385 2153 511 2190 esset
540 2154 696 2201 aucta,
721 2161 879 2191 verum
905 2147 1039 2191 etiam
1068 2154 1117 2191 ut
1146 2147 1359 2192 maiestas
1387 2147 1557 2205 imperii
1585 2148 1861 2205 publicorum
1898 2146 2202 2191 aedificiorum
2233 2148 2443 2203 egregias
2471 2145 2659 2189 haberet

201 2226 527 2271 auctoritates“
559 2234 644 2271 etc.

423 2306 603 2350 Priores
635 2307 732 2353 eius
762 2306 862 2352 libri
890 2308 1195 2365 septimusque
1224 2314 1410 2364 propter
1435 2314 1741 2365 argumentum
1784 2313 1940 2350 carent
1970 2305 2210 2350 imitatione
2249 2305 2569 2362 excerptisque
2598 2304 2659 2348 la·
2682 2313 2849 2349 orosius.

202 2388 392 2431 tinorum
423 2389 703 2445 scriptorum.
759 2389 809 2433 ln
841 2391 1029 2442 ceteris,
1058 2389 1134 2432 ubi
1152 2388 1353 2432 Tacitum
1370 2389 1513 2445 quoad
1544 2389 1640 2432 eius
1669 2388 1765 2431 fieri
1793 2389 1948 2444 potuit,
1981 2395 2193 2444 sequutus
2224 2394 2309 2437 est,
2338 2395 2387 2430 ut
2414 2385 2659 2442 Vergilium

203 2468 463 2525 (plurima
490 2469 681 2512 mortis
711 2469 888 2526 imago
925 2469 974 2520 2,
1002 2469 1031 2511 5
1060 2471 1204 2524 extr.)
1239 2469 1301 2512 ita
1332 2468 1558 2512 Horatium
1587 2469 1829 2511 imitatione
1859 2468 2093 2524 expressit.
2151 2465 2315 2509 Dirae
2359 2467 2529 2509 etiam
2557 2466 2657 2509 ali-

203 2556 286 2590 tes
318 2557 478 2605 atque
508 2550 796 2605 improbae
823 2550 1041 2592 bestiae
1070 2549 1121 2600 2,
1153 2548 1208 2591 10
1236 2569 1282 2586 =
1306 2549 1387 2605 Ep.
1416 2549 1472 2591 99
1501 2563 1587 2604 sq.:
1630 2548 1756 2590 Post
1795 2545 2076 2603 insepulta
2111 2546 2349 2590 membra
2392 2546 2660 2590 different

203 2628 317 2684 lupi
345 2628 438 2685 1Et
476 2629 797 2686 Esquilinae
832 2629 1014 2674 alites.
1041 2630 1290 2685 4,l¹‚bello
1326 2629 1487 2673 utiles
1517 2628 1808 2672 caesi=C.
1843 2629 1880 2679 l,
1910 2627 2072 2680 1242:
2102 2626 2254 2669 Hunc
2283 2633 2336 2670 et
2367 2628 2660 2683 incomptis

208 2705 432 2750 Curium
462 2707 695 2765 capillis
725 2708 945 2766 lUtilem
973 2710 1118 2755 bello
1150 2709 1289 2754 tulit.
1317 2709 1366 2763 6,
1395 2709 1469 2752 21:
1512 2708 1645 2752 belli
1673 2715 1860 2764 portas
1891 2706 2141 2750 claustro
2172 2706 2545 2762 prohiberi:
2579 2706 2659 2762 Ep.

207 2785 257 2839 2,
291 2786 338 2839 l,
365 2786 467 2831 255:
523 2787 900 2847 claustraque
943 2791 1222 2836 custodem
1260 2791 1423 2848 pacis
1472 2789 1798 2834 cohibentia
1834 2788 2031 2832 Ianum.
2090 2786 2306 2830 Adverbii
2345 2801 2456 2831 usus
2498 2787 2661 2830 rarior:

206 2867 459 2913 studiose
489 2877 738 2915 sectator
765 2870 921 2927 pacis
950 2872 1002 2926 7,
1032 2871 1090 2916 43
1119 2889 1166 2908 =
1195 2871 1254 2925 C,
1283 2870 1332 2927 3,
1364 2871 1436 2924 17,
1476 2870 1503 2914 9
1536 2869 1653 2914 late
1689 2878 1958 2927 tyrannus
1995 2875 2043 2911 ut
2071 2868 2212 2925 Verg.
2246 2868 2504 2928 populum
2546 2867 2662 2911 late

208 2961 392 3004 regem
429 2954 474 2992 et
501 2948 603 2994 val.
637 2949 704 2995 Fl.
743 2950 788 3003 1,
818 2950 876 2995 53
907 2951 1038 2996 olim
1074 2952 1260 2996 ardor.
1291 2949 1587 2995 Pervidere
1640 2964 1679 2993 v.
1719 2948 1902 2993 Horatio
1940 2956 2206 3005 usurpatum
2243 2948 2290 2993 S.
2319 2948 2368 3002 1,
2396 2946 2445 3001 3,
2483 2946 2538 2991 25
2571 2955 2665 2991 tum

209 3029 368 3072 Ovidio
399 3030 467 3073 bis
501 3037 546 3073 et
584 3042 689 3075 ante
719 3033 861 3076 Tullio
891 3034 936 3076 in
973 3035 1199 3091 epistolis,
1238 3034 1471 3077 Lactantio
1519 3033 1701 3088 saepius
1744 3047 1784 3073 v.
1816 3032 2025 3073 Buenem.
2061 3031 2117 3071 ad
2151 3030 2180 3073 l.
2215 3031 2236 3072 1
2270 3031 2325 3073 de
2356 3029 2385 3072 f.
2414 3046 2449 3071 r.
2480 3029 2556 3081 17,
2586 3044 2667 3072 ce-

208 3111 383 3170 teroqui
399 3124 578 3167 rarum,
601 3119 676 3155 -ter
703 3113 885 3171 legitur,
916 3115 964 3167 4,
994 3115 1036 3158 6.
1069 3115 1119 3168 6,
1149 3116 1193 3159 5.
1223 3116 1271 3168 7,
1302 3114 1370 3158 33.
1428 3114 1633 3170 Idemque
1673 3120 1791 3154 amat
1823 3111 2072 3168 composita
2102 3125 2204 3154 cum
2241 3125 2298 3154 ex
2332 3111 2666 3167 praepositione

211 3194 374 3246 verba,
403 3198 585 3249 praeter
614 3200 775 3249 poetas
804 3195 931 3239 Livio
959 3196 1171 3253 imprimis
1201 3194 1452 3239 familiaria:
1493 3193 1746 3237 emollire
1786 3192 1833 3248 5,
1862 3192 1925 3235 16.
1961 3193 2299 3236 everberare
2335 3192 2384 3243 7,
2421 3190 2493 3234 35.
2525 3206 2667 3235 emu-

210 3272 330 3316 nire
359 3271 410 3324 3,
439 3272 505 3315 12.
531 3271 806 3316 eblandiri
835 3274 887 3327 3,
915 3275 982 3317 20.
1022 3276 1284 3319 edomare
1324 3274 1467 3326 5,13.
1496 3274 1545 3326 6,
1579 3274 1643 3316 12.
1669 3274 1717 3327 7,
1744 3273 1811 3314 27.
1855 3275 2107 3317 enutrire
2134 3274 2187 3326 6,
2214 3273 2280 3315 22.
2309 3273 2359 3326 7,
2391 3272 2430 3314 1.
2485 3273 2553 3316 Ita
2581 3273 2667 3315 Ta·

211 3353 325 3397 citus
354 3353 410 3399 A.
439 3353 508 3406 11,
536 3353 591 3396 37
625 3353 807 3396 evicta
837 3361 883 3397 et
915 3355 986 3407 15,
1014 3355 1042 3398 2
1071 3356 1306 3408 evinxit,
1351 3369 1462 3413 quae
1497 3356 1734 3398 tuebuntur
1766 3355 1886 3411 quod
1915 3355 2035 3412 apud
2064 3354 2115 3397 H.
2145 3353 2305 3409 legitur
2347 3353 2670 3396 emirabitur

212 3433 264 3479 C.
289 3434 329 3487 1,
356 3432 406 3487 5,
433 3433 474 3478 8.
533 3435 796 3479 Emovere
826 3433 877 3479 Η.
909 3433 962 3481 Ο.
991 3435 1042 3491 4,
1075 3436 1127 3479 15
1160 3436 1209 3479 11
1242 3437 1316 3479 ubi
1344 3435 1526 3479 laudant
1554 3434 1836 3480 Scholiastae
1865 3434 2125 3493 Vergilium.
2168 3431 2465 3477 Paullatim
2497 3434 2671 3477 evicta

2114 3525 2169 3567 3.
