3008 3764
130 1318 308 1352 Antholo·

106 1388 172 1436 gia
198 1388 327 1425 latina.

1427 107 1792 168 ..34..

582 292 637 302 -
671 266 745 319 10,
772 266 832 310 68
868 267 1021 319 Quae
1050 280 1191 313 nunc
1219 267 1439 325 gelidus
1468 282 1641 326 sopor
1669 279 1835 328 urget
1858 288 1913 315 =
1947 272 2002 320 C.
2034 273 2083 328 1,
2117 272 2174 317 24
2206 271 2296 318 init.
2352 271 2495 333 Ergo
2523 273 2855 326 Quintilium

359 355 671 407 perpetuus
702 360 874 405 sopor
908 356 1079 407 urget.
2332 364 2340 369 ·
2694 365 2696 367 ·

582 428 747 486 steph.
778 430 830 481 5,
859 429 969 471 308:

926 507 1073 551 Haec
1100 506 1221 561 ille,
1250 507 1350 552 sed
1381 507 1604 552 clausas
1631 509 1790 555 fores

928 588 1152 632 Interna
1179 596 1434 647 rumpunt
1458 588 1657 633 lumina

927 669 1252 727 Tenuisque
1288 683 1385 727 per
1417 670 1581 713 rimas
1610 671 1758 715 nitor

925 750 1089 794 Lucis
1119 749 1351 796 latentis
1381 750 1655 808 proditur.

355 826 430 869 ubi
461 842 580 872 unus
614 829 892 872 Weitzianus
923 830 1171 888 proditor
1200 831 1541 890 necimprobat
1570 830 1724 876 Heius.
1753 846 1807 871 =
1836 830 1887 877 C.
1921 831 1961 887 1,
1990 830 2040 886 9,
2069 830 2123 874 21
2154 829 2379 876 latentis
2408 835 2675 891 proditor.

584 910 640 954 Et
684 910 771 954 alia
821 910 960 955 habet
1006 909 1258 957 Horatiana
1303 918 1352 956 ut
1400 908 1592 955 fabula
1628 909 1840 964 ManeS,
1888 910 2132 969 quodiam
2171 908 2400 956 Bentleius
2435 915 2689 969 annotavit,
2724 915 2845 962 den-

355 994 514 1042 sere,
557 990 799 1035 infinitivos
835 991 879 1034 in
914 991 1005 1034 ier
1041 991 1304 1035 desinentes
1341 989 1465 1034 velut
1500 988 1658 1046 steph.
1699 990 1776 1045 10,
1812 990 1897 1035 345
1933 1006 2049 1049 quos
2096 1000 2257 1049 quater
2299 991 2496 1037 adhibuit
2530 994 2586 1037 H.
2629 996 2675 1038 in
2716 994 2766 1040 S.
2805 996 2848 1048 1,

354 1069 407 1122 2,
443 1070 502 1114 35
545 1081 590 1115 et
623 1072 675 1125 2,
712 1072 763 1125 8,
798 1071 855 1115 67
893 1080 940 1115 et
970 1072 1024 1116 E.
1062 1073 1118 1127 2,
1154 1072 1205 1126 l,
1239 1071 1311 1115 94.
1348 1071 1401 1125 2,
1439 1070 1541 1121 148;
1593 1072 1737 1115 semel
1782 1073 1824 1115 in
1867 1071 2021 1131 lyricis
2057 1072 2111 1125 4,
2154 1072 2232 1126 ll,
2276 1073 2307 1118 8
2359 1089 2448 1118 nec
2503 1075 2705 1134 effugere
2760 1078 2848 1122 sibi

352 1165 526 1209 passus
576 1162 647 1196 est
682 1153 783 1196 Ser.
823 1153 1055 1196 Samonic.
1090 1167 1134 1197 v.
1168 1153 1251 1196 10⁰
1287 1153 1578 1202 cui-arier;
1622 1153 1880 1196 vitiosus
1923 1165 2086 1196 vocem
2113 1151 2301 1197 Horatio
2336 1156 2523 1213 saepius
2558 1163 2848 1220 usurpatam3

354 1230 504 1275 hiatus
536 1245 714 1289 quoque
751 1247 867 1289 quos
899 1247 1054 1276 amare
1090 1234 1228 1276 docet
1257 1233 1412 1275 Heins-
1451 1247 1496 1288 p.
1533 1231 1590 1273 28
1617 1230 1819 1275 fortasse
1856 1231 2054 1274 adhibuit
2082 1230 2230 1275 fidens
2264 1231 2423 1278 Flacci
2458 1235 2704 1293 praesidio.

583 1313 868 1356 Praemittam
900 1313 1120 1357 Petronii:
1177 1313 1310 1371 Ipsa
1354 1324 1492 1356 suas
1529 1311 1693 1355 vires
1741 1312 1862 1356 odit
1899 1311 2152 1356 Romana
2192 1311 2462 1359 iuventus
2495 1329 2550 1356 =
2587 1314 2671 1374 Ep.
2706 1313 2786 1370 16,
2820 1314 2847 1358 2

355 1390 478 1435 suis
517 1391 726 1448 etipsa
765 1391 944 1437 Roma
979 1391 1203 1437 viribus
1235 1391 1351 1436 ruit
1384 1389 1440 1434 cl.
1474 1388 1790 1435 Wernsdorfio
1831 1404 1876 1435 v.
1909 1390 1967 1435 111
2003 1405 2050 1447 p.
2082 1388 2138 1434 26
2166 1402 2238 1446 sq.
2309 1390 2501 1437 Omnino
2535 1391 2627 1437 hoc
2664 1406 2845 1438 carmen

357 1475 403 1514 et
438 1470 687 1516 secundum
723 1471 907 1529 epodon
942 1471 1058 1517 inter
1083 1470 1230 1530 lyrica
1258 1468 1430 1517 Horatii
1450 1469 1732 1527 posteriores
1754 1469 1945 1516 maxime
1964 1468 2116 1515 imitati
2146 1483 2254 1515 esse
2278 1469 2512 1526 videntur,
2550 1487 2608 1517 ex
2641 1488 2729 1530 quo
2764 1473 2846 1518 in-

357 1557 578 1607 emptas
621 1561 870 1608 apparet
915 1552 1095 1609 dapes
1138 1552 1363 1609 integrum>
1404 1550 1580 1606 recepit
1616 1549 1849 1594 Claudian.
1886 1550 1931 1593 in
1966 1550 2018 1593 P.
2056 1557 2102 1593 et
2130 1550 2186 1593 Ο.
2216 1549 2351 1594 Coss.
2371 1550 2471 1594 204.
2502 1551 2667 1595 Omitto
2698 1560 2846 1597 autem

358 1644 475 1686 quae
496 1639 738 1686 praeterea
774 1632 818 1673 in
852 1632 1050 1676 Petronii
1093 1630 1358 1690 fragmentis
1392 1630 1512 1686 apud
1531 1629 1745 1674 Wernsd.
1782 1632 1839 1675 111
1872 1647 1918 1688 p.
1955 1631 2012 1674 70
2048 1637 2094 1674 et
2124 1630 2178 1673 71
2216 1638 2262 1673 et
2295 1645 2325 1674 a
2356 1631 2570 1689 Luperco
2600 1632 2657 1675 ib.
2690 1648 2735 1689 p.
2761 1633 2847 1677 236

352 1724 423 1766 sq.
463 1710 757 1768 Licentioque
804 1710 865 1754 1V
911 1729 956 1770 p.
993 1713 1077 1757 871
1115 1720 1161 1756 et
1205 1727 1234 1756 a
1275 1711 1489 1756 Vestritio
1539 1709 1795 1767 Spurinna,
1851 1712 1907 1755 de
1962 1726 2052 1768 quo
2098 1710 2336 1769 diligenter
2378 1713 2547 1755 monuit
2575 1712 2764 1756 Baierus
2800 1713 2844 1756 in

355 1790 589 1833 Addendis
625 1789 728 1833 vol.
760 1789 836 1844 lV,
868 1791 912 1835 in
942 1793 1111 1836 Horatii
1147 1793 1436 1836 imitationem
1467 1792 1719 1848 composita
1753 1800 1871 1836 sunt.
1943 1793 1991 1835 ln
2022 1791 2248 1836 Catalect.
2284 1790 2426 1849 Verg.
2451 1800 2600 1836 autem
2632 1791 2686 1846 6,
2721 1792 2800 1836 78:

924 1871 1216 1930 Corniger
1251 1870 1355 1914 hos
1387 1871 1541 1914 aries
1578 1870 1812 1916 humilis
1849 1880 1905 1915 et
1939 1872 2176 1915 maxime
2212 1879 2416 1935 taurus

1056 1950 1310 1995 Victima
1344 1958 1613 1995 sacratos
1647 1953 1870 2010 tinguet
1905 1952 2123 1996 honore
2153 1951 2327 1997 socos

352 2026 493 2083 vulgo
527 2029 802 2084 coniungunt
831 2031 989 2073 aries
1025 2030 1281 2083 humilis,
1318 2031 1390 2073 cui
1421 2044 1553 2086 quum
1589 2045 1748 2087 parum
1786 2033 2036 2075 convenire
2070 2033 2347 2089 corniger
2386 2032 2574 2075 alterum
2612 2032 2842 2090 epitheton

351 2106 487 2151 facile
522 2117 770 2166 appareat,
805 2108 1031 2155 humilis
1069 2125 1170 2155 cum
1205 2109 1340 2155 focos
1379 2110 1606 2154 coniunxit
1640 2111 1844 2156 Naekius
1881 2113 1938 2156 ad
1971 2111 2187 2157 Catonem
2216 2128 2261 2170 p.
2283 2111 2393 2166 284,
2422 2127 2552 2170 quam
2572 2121 2843 2158 structuram

353 2202 435 2231 cur
480 2186 841 2234 reformidaverit
885 2189 1146 2250 Wagnerus
1180 2206 1224 2235 v.
1256 2188 1312 2234 cl.
1351 2190 1499 2234 miror.
1562 2189 1734 2237 Verum
1779 2207 1837 2237 ne
1874 2193 1997 2252 apud
2032 2191 2265 2237 Horatium
2300 2192 2476 2251 quidem
2509 2201 2635 2239 recte
2673 2208 2725 2239 se
2760 2193 2840 2239 ha-

351 2270 461 2313 bere
492 2270 668 2313 videtur
699 2272 819 2328 quod
851 2270 1014 2329 legitur
1043 2285 1164 2316 nunc
1200 2271 1251 2316 C.
1286 2271 1337 2325 2,
1378 2272 1455 2324 17,
1486 2271 1567 2315 32;

918 2349 1033 2396 Nos
1071 2349 1337 2395 humilem
1374 2338 1648 2396 feriemus
1679 2365 1876 2409 agnam

349 2429 423 2472 ubi
462 2429 551 2472 duo
583 2429 713 2472 codd.
747 2429 966 2474 Blandinii
1000 2430 1265 2484 humiles,
1305 2445 1574 2487 quamquam
1608 2431 1734 2476 Acro
1778 2430 2043 2476 humilem
2085 2430 2257 2490 legisse
2299 2432 2475 2476 videtur
2509 2432 2838 2489 interpretans:

349 2523 472 2562 „non
504 2508 710 2553 humilem
744 2525 932 2567 agnum,
968 2511 1053 2555 sed
1081 2510 1309 2554 humilium
1345 2510 1560 2554 oblationi
1596 2514 1794 2568 aptam.“
1849 2511 1920 2555 De
1950 2510 2214 2555 animalibus
2241 2512 2348 2556 novi
2363 2527 2501 2556 unum
2520 2508 2663 2556 Ovidii
2690 2511 2840 2558 locum

347 2574 498 2644 A.'3,
537 2591 618 2643 13,
657 2591 730 2634 16:
781 2592 847 2635 Et
883 2592 1064 2635 minor
1110 2606 1179 2634 ex
1213 2590 1409 2634 humili
1448 2592 1684 2636 victima
1730 2608 1948 2649 porcus
1992 2593 2155 2645 hara,
2200 2593 2276 2636 ubi
2314 2592 2502 2650 proprie
2541 2593 2596 2636 de
2637 2593 2750 2638 hara
2792 2597 2835 2638 in

346 2672 482 2714 humo
517 2672 545 2713 i.
586 2686 625 2713 e.
668 2687 813 2714 coeno
856 2679 1076 2716 versante
1113 2672 1426 2728 accipiendum
1461 2673 1637 2715 videtur
1671 2675 1953 2717 adiectivum.
2026 2675 2196 2717 Contra
2235 2675 2292 2716 de
2328 2686 2381 2715 se
2414 2673 2516 2729 ipso
2555 2672 2752 2718 Flaccus
2783 2676 2834 2719 C.

345 2753 396 2804 3,
427 2753 508 2805 30,
541 2752 593 2793 12
630 2767 694 2794 ex
732 2753 931 2796 humil-i
968 2760 1181 2810 potens
1220 2752 1336 2804 etl,
1373 2752 1429 2794 37
1459 2760 1572 2795 extr.
1611 2754 1667 2796 de
1701 2754 1950 2812 Cleopatra
1980 2769 2090 2798 non
2125 2753 2356 2797 humilis
2392 2752 2590 2796 mulier
2618 2761 2664 2797 et
2698 2754 2836 2812 plane

345 2834 404 2875 ita
432 2834 518 2876 Ov.
542 2832 650 2875 Her.
672 2834 724 2884 3,
762 2834 818 2875 75
847 2849 952 2878 nos
990 2833 1237 2876 humiles
1275 2840 1320 2875 et
1358 2841 1519 2875 auctor
1550 2833 1600 2876 C.
1633 2835 1692 2876 ad
1730 2835 1821 2878 Pis.
1858 2835 1965 2877 242:
2002 2849 2107 2878 nos
2135 2833 2364 2877 humilis
2403 2833 2600 2877 domus
2638 2842 2683 2877 et
2717 2836 2836 2879 sin-

346 2929 479 2957 cera
513 2923 828 2971 parentum.
899 2915 1106 2957 Lactant.
1140 2914 1295 2955 deira
1330 2928 1371 2955 c.
1402 2914 1484 2966 ⁶23,
1522 2914 1599 2955 10:
1648 2914 1816 2957 aufer
1855 2916 1990 2957 iram
2034 2915 2380 2972 regi-immo
2414 2927 2552 2955 vero
2591 2914 2836 2958 cuilibet

345 2995 537 3039 humili
574 2996 738 3051 eripe
766 2996 914 3038 hunc
948 2994 1243 3038 affectum.
1316 2993 1384 3037 Cf.
1416 2995 1630 3038 liuenem.
1668 2997 1725 3038 ad
1762 2996 1814 3037 L.
1853 2997 1908 3037 de
1945 3003 2075 3038 mort.
2111 3009 2236 3052 pers.
2272 2991 2344 3036 38.
2415 2992 2597 3036 Seneca
2633 2994 2834 3051 philoso—

344 3076 462 3133 phus
505 3075 693 3118 alicubi:
742 3075 988 3119 humiles
1044 3076 1224 3119 amici.
1297 3075 1590 3119 Restituimus
1630 3075 1674 3118 in
1718 3076 1838 3118 Mus.
1882 3075 1939 3119 N.
1977 3073 2202 3117 Rhenano
2247 3072 2451 3131 pluribus
2494 3074 2668 3118 Horatii
2719 3075 2834 3118 locis

345 3156 683 3199 lilandiniorum
713 3156 1013 3212 scripturam,
1049 3170 1077 3199 a
1115 3156 1277 3212 quibus
1314 3155 1389 3198 vix
1424 3156 1730 3199 recedendum
1765 3168 1871 3198 esse
1908 3154 2144 3211 sapienter
2173 3153 2237 3196 Μ.
2259 3153 2479 3212 Hauptius
2512 3155 2700 3205 inonuit;
2739 3155 2835 3210 qui-

345 3239 430 3279 bus
468 3238 585 3280 addo
630 3252 752 3280 nunc
793 3237 908 3290 (luo,
949 3238 1023 3280 ubi
1059 3237 1184 3280 Acro
1225 3251 1327 3279 cum
1366 3235 1420 3279 iis
1459 3251 1653 3293 prorsus
1692 3233 1931 3279 consentit.
2003 3232 2055 3276 C.
2090 3232 2141 3286 1,
2175 3231 2256 3287 25,
2291 3234 2318 3277 2
2354 3234 2472 3278 male
2507 3250 2629 3278 nunc
2665 3234 2832 3278 editur:

341 3318 558 3361 ictibus
595 3319 849 3369 crebris,
886 3332 990 3360 nam
1020 3332 1176 3360 omnes
1213 3316 1397 3373 Cruquii
1425 3325 1613 3374 praetor
1644 3316 1866 3360 Divaeum
1894 3313 2149 3357 iactibus
2186 3322 2231 3357 et
2264 3314 2413 3358 Acro:
2451 3313 2726 3370 „lapidum.“
2763 3315 2832 3358 Cf.

341 3397 502 3442 Ritter.
540 3398 598 3440 acl
631 3397 743 3441 Tac.
783 3399 837 3441 Α.
873 3398 953 3452 13,
989 3398 1059 3441 40.
1121 3398 1234 3440 Tum
1269 3398 1323 3448 4,
1363 3397 1440 3451 13,
1478 3399 1531 3441 14
1573 3400 1698 3443 cari
1741 3396 1970 3454 lapides
2011 3396 2347 3454 antiquissimus
2384 3395 2453 3440 Bl.
2486 3409 2587 3439 cum
2622 3396 2831 3441 Acrone:
