3008 3764
198 263 321 305 ‚mec
354 262 626 309 gemmarum
650 248 809 307 pretiis
855 246 1024 305 reuerti
1056 243 1495 304 pulchritudinem3⁴‘
1530 244 1726 290 alienum
1761 253 1911 291 autem
1943 255 2018 292 est
2048 249 2170 305 quod
2201 247 2341 308 vulgo
2375 263 2499 294 nune
2531 250 2677 295 editur

197 330 366 383 clari,
400 312 535 388 quum
564 329 621 372 de
656 327 759 372 solo
795 327 944 386 pretio
979 333 1155 385 agatur.

417 410 554 453 Anth.
591 410 642 452 C.
680 410 730 460 1,
758 408 855 450 102.
888 408 1115 451 Pentadii:
1170 406 1284 449 Sed
1327 414 1633 463 postquam
1675 408 1799 451 telo
1833 409 2081 452 violenti
2120 410 2316 454 victus
2341 411 2589 455 Achillis
2624 432 2670 450 =

193 490 246 534 E.
283 490 336 545 1,
371 489 451 543 10,
481 489 565 532 37:
622 487 734 531 Sed
768 495 1077 546 postquam
1112 487 1301 531 victor
1333 485 1560 532 violens
1597 488 1889 532 discessit
1916 490 1986 532 ab
2022 489 2207 534 hoste.

414 568 551 614 Anth.
589 568 643 612 L.
674 567 727 623 3,
764 567 869 612 144:

756 648 1031 706 Quisquis
1067 655 1219 693 amat
1252 646 1427 691 dictis
1462 640 1768 693 absentem'
1793 648 2000 692 rodere
2036 649 2271 693 amicum

892 729 1052 774 Hanc
1085 740 1336 773 mensam
1368 728 1602 772 vetitam
1634 729 1864 773 noverit
1898 741 2033 773 esse
2072 730 2201 774 sibi.

191 814 240 851 ut
273 821 358 867 pro
393 807 565 851 vitam
598 808 717 852 bene
753 810 951 854 correxit
982 809 1229 854 Schrader.
1253 808 1310 853 in
1343 807 1579 854 Addendis
1599 807 1705 853 Vol.
1726 807 1758 852 ,l
1787 808 1939 852 Burm.
2006 809 2090 854 Est
2122 809 2237 852 enim
2266 818 2424 868 aperte
2445 819 2668 870 sumptum

191 902 249 932 ex
283 888 338 932 Η.
376 887 424 933 S.
457 889 507 944 l,
534 889 588 945 4,
620 889 699 935 81:
733 883 1032 937 absentem
1067 891 1160 950 qui
1187 889 1342 935 rodit
1376 890 1626 936 amicum.
1696 888 1941 935 Horatiana
1977 897 2124 935 autem
2153 890 2333 935 imitatio
2365 903 2421 935 eo
2457 892 2667 949 probabi-

192 967 278 1013 lior
316 968 437 1026 quod
476 969 623 1028 ipsum
667 969 943 1029 epigramma
993 970 1036 1014 in
1087 970 1220 1015 codd.
1259 968 1308 1013 S.
1341 968 1595 1029 Augustino
1642 970 1859 1014 tribuitur.
1925 970 2173 1015 Praetereo
2208 972 2260 1025 4,
2300 970 2355 1015 13
2400 986 2668 1029 expressum

1845 148 1872 178 ἃ

189 1050 383 1094 maxima
410 1065 468 1094 ex
512 1059 644 1110 parte
678 1066 739 1095 ex
768 1050 826 1096 Η.
863 1051 913 1095 C.
944 1051 986 1105 2,
1020 1051 1076 1095 20
1119 1050 1240 1109 quod
1287 1050 1543 1096 Burmanno
1589 1052 1952 1097 venustissimum
1993 1052 2136 1096 visum
2176 1053 2335 1097 merito
2385 1055 2667 1112 suppositum

186 1132 414 1176 iudicasse
440 1133 616 1176 videtur
643 1131 928 1175 Schraderus
963 1131 1020 1174 V.
1057 1132 1095 1174 Π
1123 1147 1169 1189 p.
1203 1130 1300 1174 LV.

412 1210 457 1265 6,
485 1210 566 1254 64:
636 1210 1013 1255 Siticulosam
1057 1211 1353 1254 sustinens
1402 1211 1491 1253 diu
1545 1218 1837 1253 aestatem
1881 1229 1928 1248 :z
1962 1211 2048 1268 Ep.
2077 1209 2132 1264 3,
2169 1210 2223 1253 16
2258 1225 2441 1270 vapor
2482 1206 2488 1263 Ι
2531 1212 2666 1255 Siti—

194 1289 435 1334 culosae
469 1289 739 1349 Apuliae,
769 1291 846 1334 ubi
881 1291 1235 1335 sustinemus
1270 1304 1318 1350 p.
1354 1291 1651 1335 sustinens
1689 1290 1780 1334 diu
1815 1291 1949 1334 codd.
1985 1290 2107 1348 quod
2140 1291 2311 1349 probo,
2346 1303 2451 1335 nam
2487 1293 2665 1336 mutatio

192 1370 365 1415 numeri
391 1368 622 1427 frequens.

414 1447 611 1496 Maxime
657 1455 805 1495 autem
851 1448 1041 1495 animum
1080 1447 1273 1495 advertit
1316 1447 1371 1495 L.
1415 1445 1471 1492 V.
1510 1446 1595 1494 219
1623 1442 1698 1511 (n.
1745 1447 1856 1494 1704
1899 1447 1970 1494 ed.
2010 1441 2202 1509 Meier.)
2248 1447 2370 1505 quod
2413 1463 2504 1494 non
2551 1450 2664 1495 adeo

192 1529 418 1587 antiquum
450 1530 594 1575 visum
622 1529 905 1580 Burmanno3
945 1536 1076 1573 caute
1108 1528 1311 1572 Meierus
1357 1562 1385 1582 „
1398 1537 1494 1582 est,
1542 1529 1706 1586 inquit,
1753 1544 1936 1573 carmen
1973 1527 2197 1586 populare
2234 1528 2278 1571 in
2313 1529 2522 1585 Priapum
2553 1531 2664 1573 satis

190 1611 494 1656 memorabile.
564 1609 993 1668 Hendecasyllabi.“
1062 1609 1134 1653 Ae
1161 1617 1289 1653 tanta
1321 1617 1394 1653 est
1429 1608 1589 1653 Catulli
1625 1617 1670 1652 et
1705 1608 1875 1653 Horatii
1905 1609 2113 1662 imitatio,
2152 1616 2200 1651 ut
2235 1609 2309 1651 vix
2345 1610 2568 1665 antiquum
2600 1612 2663 1653 iu-

193 1692 412 1745 dicarem,
447 1690 533 1735 nisi
560 1690 886 1741 Mommsenum
908 1690 1029 1734 Mus.
1052 1689 1201 1733 Rhen.
1236 1689 1292 1732 N.
1329 1689 1416 1742 VI,
1454 1691 1474 1732 1
1513 1689 1728 1733 nonnulla
1761 1690 2041 1732 emendatius
2072 1702 2130 1732 ex
2159 1688 2425 1746 apographo
2460 1689 2666 1746 proferre

192 1773 431 1825 vidissem,
466 1770 542 1828 qui
574 1769 704 1814 simul
739 1784 923 1813 carmen
957 1768 1336 1826 elegantissimum
1366 1777 1410 1812 et
1437 1769 1797 1813 venustissimum
1834 1776 1879 1824 et
1913 1767 2050 1825 plane
2086 1767 2381 1811 Catullianum
2419 1783 2524 1813 esse
2560 1785 2664 1826 pro-

190 1852 372 1895 nuntiat.
441 1849 525 1894 Est
559 1858 707 1894 autem
738 1850 839 1907 pari
873 1849 1006 1893 modo
1043 1848 1331 1893 Horatianum
1366 1856 1501 1905 atque
1538 1849 1670 1891 etiam
1714 1848 2048 1891 Lucretianum.
2105 1848 2373 1904 Inscriptum
2414 1862 2519 1892 esse
2564 1864 2664 1893 car-

191 1945 292 1974 men
326 1929 586 1987 perhibetur
612 1936 789 1973 statuae
817 1929 994 1985 Priapi,
1030 1928 1202 1973 effosso
1240 1942 1281 1971 a.
1321 1928 1459 1982 1758,
1495 1942 1551 1970 ex
1588 1942 1677 1985 quo
1709 1928 1955 1971 Horatiana
1989 1927 2107 1970 haec
2144 1940 2470 1985 excerpemus:

413 2008 470 2050 V.
500 2009 530 2051 4
562 2008 779 2065 puellis
830 2013 839 2071 Ι
889 2008 1136 2051 Fascino
1181 2007 1442 2064 placeam
1495 2008 1663 2051 bonis
1718 2008 1962 2064 procaci
2000 2006 2124 2050 nulla
2169 2020 2310 2050 causa
2362 2016 2432 2050 est
2477 2016 2523 2050 ut
2564 2023 2664 2051 cum

192 2090 342 2135 Burm.
377 2088 627 2133 scribamus
665 2089 861 2133 bonus.
930 2087 1106 2132 Bonis
1149 2087 1369 2146 puellis
1408 2095 1456 2131 ut
1498 2088 1682 2131 bonae
1729 2086 1994 2131 Cinarae.

415 2182 459 2211 v.
495 2167 536 2211 6.
607 2167 895 2227 Dissipem
931 2180 1099 2211 curas
1134 2167 1316 2212 animo
1354 2177 1631 2212 nocentes
1665 2182 1717 2205 =
1753 2166 1802 2212 C.
1839 2166 1891 2222 2,
1929 2167 2006 2222 11,
2040 2166 2116 2210 17;
2150 2167 2403 2227 dissipat
2436 2167 2613 2234 Evi‘s
2651 2162 2658 2222 Ι

198 2250 378 2294 Curas
417 2249 647 2291 edaces.

416 2341 461 2374 v.
499 2327 605 2374 912:
751 2326 909 2377 Quae
952 2327 1018 2371 ad
1062 2327 1253 2372 domus
1299 2326 1494 2372 trahet
1544 2327 1767 2372 invidas
1806 2326 2019 2372 Averni

753 2406 1003 2452 Fabulas
1049 2422 1241 2453 manes
1279 2409 1372 2452 ubi
1415 2422 1515 2451 rex
1563 2414 1819 2451 coercet.

195 2488 250 2533 H.
282 2488 332 2534 C.
362 2488 412 2542 l,
441 2488 470 2531 4
501 2487 606 2532 iam
647 2494 701 2532 te
741 2494 958 2545 premet
995 2501 1105 2531 nox
1148 2485 1497 2545 fabulaeque
1535 2501 1729 2531 manes
1760 2484 1887 2539 et2,
1924 2484 2001 2540 18,
2036 2484 2093 2530 38
2132 2486 2380 2532 satelles
2430 2489 2565 2531 Orci
2609 2514 2657 2520 -—

196 2585 340 2628 genus
378 2576 625 2614 coercet.

418 2665 464 2693 v.
502 2649 558 2693 23
584 2663 653 2706 sq.
757 2662 881 2690 nam
920 2647 1100 2692 malos
1153 2664 1361 2692 arcens
1405 2649 1666 2692 homines
1711 2648 1999 2704 cruentos

754 2727 838 2771 ire
876 2742 981 2785 per
1023 2729 1209 2774 siluas
1256 2731 1350 2773 dat
1391 2729 1494 2772 ille
1538 2730 1707 2773 vobis

755 2823 979 2866 perque
1025 2825 1209 2868 opaca
1254 2811 1489 2854 silentia
1529 2812 1833 2853 incruenta

197 2888 380 2931 Lachm.
417 2889 476 2930 ad
509 2888 691 2931 Lucret.
725 2887 768 2942 6,
801 2890 910 2932 552:
942 2905 1069 2942 ‚,scr.
1106 2906 1289 2948 aquae
1321 2900 1366 2934 et
1395 2892 1564 2948 aquai
1592 2890 1790 2934 similiter
1818 2890 2030 2934 Horatius
2060 2892 2191 2947 isque
2224 2904 2339 2932 unus
2373 2890 2485 2931 inter
2509 2904 2665 2932 omnes

198 2970 383 3013 siluae
418 2970 559 3011 tribus
595 2968 784 3026 syllabis
818 2970 972 3012 dixit.“
1042 2971 1262 3028 Displicet
1294 2979 1442 3015 autem
1473 2971 1639 3029 duplex
1674 2971 1920 3028 epitheton,
1958 2972 2080 3028 quod
2124 2970 2260 3014 facile
2300 2971 2473 3027 quidem
2514 2972 2666 3014 admit-

200 3052 318 3103 titur,
355 3050 430 3093 ubi
468 3049 728 3093 alterutrum
762 3063 925 3096 nomen
965 3057 1036 3093 est
1068 3052 1296 3108 proprium
1328 3060 1378 3095 ut
1413 3053 1463 3096 C.
1497 3052 1545 3105 l,
1574 3053 1629 3104 4,
1673 3052 1726 3093 17
1760 3052 1826 3093 Et
1861 3052 2059 3095 domus
2098 3051 2273 3095 exilis
2307 3050 2573 3093 Plutonia
2609 3052 2665 3094 cl.

200 3129 340 3188 Verg.
377 3129 431 3172 A.
471 3128 548 3181 10,
579 3127 665 3171 408
701 3136 779 3173 aut
821 3128 1001 3186 longius
1044 3130 1160 3173 inter
1197 3144 1250 3175 se
1296 3132 1561 3176 disiunctum
1612 3139 1682 3175 est
1710 3139 1758 3174 ut
1786 3131 1836 3174 C.
1872 3132 1925 3183 3,
1969 3132 2022 3185 2,
2067 3132 2096 3176 9
2128 3134 2289 3175 rudis
2344 3132 2612 3188 agminum
2654 3129 2661 3185 Ι

203 3211 469 3269 Sponsus
499 3207 762 3251 lacessat
800 3209 1011 3266 regius.
1082 3210 1198 3254 Nam
1230 3210 1279 3255 G.
1316 3212 1369 3266 3,
1402 3212 1456 3266 4,
1490 3211 1547 3255 50
1577 3210 1768 3255 fidens
1813 3212 2090 3257 iuventus
2134 3212 2366 3255 horrida
2409 3211 2668 3256 brachiis

204 3298 299 3334 est:
347 3290 448 3332 dum
482 3286 577 3329 fidit
610 3286 823 3331 brachiis.
894 3288 1059 3333 Durius
1109 3291 1307 3336 brevis
1353 3291 1409 3334 in
1449 3291 1656 3335 laevos
1697 3292 1858 3349 piger
1897 3291 2053 3336 valer.
2090 3292 2156 3335 ΓΙ.
2192 3292 2240 3349 2,
2277 3290 2383 3342 3863
2415 3292 2488 3334 ubi
2524 3300 2671 3334 tamen

2051 3384 2108 3426 5*
