3008 3764
51 2442 239 2476 Manilius.

262 275 475 332 persequi
510 288 681 332 operae
730 275 922 333 pretium
969 274 1112 318 videri
1151 274 1290 319 debet
1319 275 1375 319 iis
1413 277 1576 334 quibus
1607 282 1793 334 praesto
1827 284 1930 321 sunt
1961 275 2162 321 subsidia
2188 275 2424 322 litteraria.
2483 279 2597 325 Nam
2633 283 2750 329 haec

261 355 453 412 epistola
489 356 713 399 communi
753 356 1022 400 eruditorum
1066 367 1294 398 consensu
1331 356 1389 398 ab
1420 356 1582 399 Ovidio
1621 356 1916 400 abiudicatur.
1973 355 2196 413 Ambigua
2229 362 2377 421 autem
2414 371 2603 415 prorsus
2648 374 2753 409 sunt

260 435 516 493 sequentia:
567 445 723 492 parte
765 444 935 479 tamen
968 433 1199 478 meliore
1229 443 1318 480 etc.
1339 448 1456 493 quae
1485 449 1573 478 nec
1603 435 1716 478 satis
1744 444 1852 493 apta
1878 444 1983 480 sunt
2011 437 2051 480 si
2081 437 2137 481 de
2162 437 2327 497 ingenii
2354 436 2476 483 fama
2504 440 2676 497 accipis
2706 453 2751 488 et

261 515 422 557 Ovidio
463 515 538 558 vix
575 517 867 565 conveniunt,
911 515 948 557 si
987 515 1161 558 animae
1204 502 1514 558 immortalitas
1549 512 1823 571 intelligitur.
1878 515 1976 557 Nec
2013 517 2157 573 magis
2197 517 2348 574 placet
2383 519 2580 574 protasis
2619 518 2751 564 huius

262 595 484 638 enunciati
525 606 568 639 et
607 597 706 653 ipsa
743 595 1012 638 inconcinna
1054 601 1099 638 et
1140 608 1224 652 per
1267 601 1445 639 tamen
1487 608 1587 638 cum
1640 593 1830 651 apodosi
1866 592 1981 637 male
2024 596 2288 652 coniuncta,
2334 598 2378 642 in
2426 599 2553 643 cuius
2602 599 2751 644 statim

262 675 383 718 initio
424 673 569 718 volet
607 683 749 718 utrum
779 674 950 731 primae
981 687 1036 716 an
1068 673 1229 717 tertiae
1261 674 1591 731 coniugationis
1620 674 1700 727 sit,
1730 673 1959 731 ambigere
1997 673 2111 742 lic-et.
2173 677 2304 722 Prius
2332 679 2372 723 si
2404 685 2598 735 statuas,
2632 681 2751 737 quod

262 767 374 797 sane
408 753 543 797 multo
572 753 835 810 simplicius,
865 753 1025 797 saltem
1058 753 1320 797 advolare
1354 753 1609 812 requiritur,
1631 752 1818 796 alterum
1850 753 1970 810 quod
2000 752 2199 799 voluisse
2229 757 2405 802 videtur
2434 758 2631 818 quisquis
2662 760 2748 805 hos

261 849 427 878 versus
459 835 678 887 confinxit,
709 835 951 878 obscurius.
979 842 1022 877 et
1051 835 1299 878 contortius
1329 842 1412 878 est.
1466 835 1672 890 Denique
1702 832 2003 876 indelebile
2032 834 2263 891 displicet,
2294 838 2350 880 de
2381 854 2470 897 qua
2498 854 2614 883 voce
2645 856 2750 897 pro-

264 923 429 957 vocant
460 915 633 971 quidem
664 914 705 955 in
736 913 917 955 Lexicis
950 913 1009 955 ad
1037 912 1150 969 Epp.
1183 927 1240 955 ex
1264 913 1311 954 P.
1343 913 1394 965 2,
1422 912 1472 965 8,
1504 912 1585 955 252

828 993 977 1036 Parce
1009 1006 1175 1050 precor
1206 991 1316 1035 secli
1346 992 1487 1036 decus
1516 991 1754 1036 indelebile
1783 1001 2004 1037 nostrum.

264 1076 358 1116 Sed
388 1076 430 1117 in
464 1082 675 1130 corrupto
707 1075 797 1117 hoc
829 1076 1029 1131 corrupti
1059 1074 1212 1130 operis
1246 1088 1382 1116 versu
1411 1074 1487 1116 vix
1522 1074 1779 1131 quicquam,
1829 1088 1887 1116 ne
1918 1088 2125 1130 precor
2162 1076 2363 1133 quidem,
2405 1078 2518 1121 satis
2549 1089 2747 1132 constat}

264 1168 348 1210 pro
374 1153 686 1196 indelebile
719 1162 870 1197 autem
895 1154 1029 1196 habet
1061 1154 1254 1209 optimus
1284 1153 1312 1196 l.
1345 1153 1528 1197 Sarrav.
1563 1162 1607 1197 et
1646 1155 1744 1211 pari
1783 1155 1983 1198 bonitate
2021 1155 2240 1212 Scaligeri
2271 1170 2313 1200 v.
2346 1156 2373 1199 l.
2409 1164 2473 1209 (v.
2507 1158 2660 1203 Heins.
2690 1162 2748 1202 ad

270 1235 314 1286 1,
348 1235 398 1286 l,
430 1235 482 1288 l)
530 1235 709 1291 duoque
748 1235 823 1278 alii
860 1234 1031 1284 Heinsii
1067 1232 1421 1285 indeflebile,
1473 1234 1621 1276 Burm.
1653 1249 1766 1278 unus
1809 1235 2228 1287 advenerabile,
2276 1237 2364 1281 duo
2407 1237 2748 1282 venerabile.

268 1314 431 1356 Verum
463 1314 578 1355 haec
608 1314 794 1356 ulterius
824 1313 1141 1371 persequenda
1171 1313 1271 1355 aliis
1299 1312 1601 1369 relinquimus.

488 1398 544 1439 A.
578 1395 632 1437 A.
666 1395 712 1447 l,
743 1394 849 1438 231:

836 1475 986 1532 Saepe
1019 1473 1109 1517 illic
1138 1474 1308 1530 positi
1341 1474 1512 1517 teneris
1541 1475 1738 1517 adducta
1763 1474 1950 1518 lacertis

978 1555 1234 1610 Purpureus
1264 1554 1433 1597 Bacchi
1464 1568 1635 1598 cornua
1662 1557 1830 1611 pressit
1856 1556 2008 1598 Amor.

494 1636 576 1678 Ubi
608 1635 762 1679 Heins.
796 1644 1030 1693 postquam
1070 1635 1265 1692 ponendi
1302 1649 1429 1678 usum
1467 1635 1716 1678 luculenter
1746 1636 1980 1692 exposuit:
2031 1635 2198 1689 „hinc,
2237 1636 2395 1694 inquit,
2431 1636 2747 1694 intelligendus

269 1716 318 1759 H.
351 1717 397 1759 E.
430 1717 475 1768 1,
514 1717 586 1767 18,
622 1716 723 1758 lll:

836 1795 931 1838 sed
962 1795 1103 1837 satis
1133 1802 1216 1837 est
1247 1807 1406 1836 orare
1437 1794 1612 1836 lovem
1644 1794 1727 1850 qni
1762 1795 1911 1849 ponit
1941 1802 1990 1838 et
2018 1795 2211 1839 aufert.

269 1877 346 1919 Sic
378 1877 489 1918 enim
520 1874 720 1933 plerique
747 1875 791 1918 11.
816 1884 998 1918 veteres
1025 1875 1148 1932 quod
1179 1875 1313 1917 miror
1342 1873 1627 1931 praeteritum
1660 1887 1686 1915 a
1717 1874 1868 1917 Lamb.
1900 1881 1944 1917 et
1975 1874 2259 1918 Tot-remim<
2302 1876 2456 1920 Mirari
2485 1877 2617 1921 hodie
2641 1893 2745 1936 quo-

269 1970 355 2012 que
385 1958 424 1999 si
453 1957 749 1999 revivisceret
783 1956 880 1999 viro
911 1956 1300 2012 praestantissimo
1330 1954 1487 1997 liceret
1526 1968 1656 2010 quum
1687 1955 1876 1996 eundem
1907 1969 1947 1999 v.
1976 1956 2019 1997 in
2048 1954 2368 2000 laudatissimis
2395 1958 2492 2000 istis
2521 1957 2672 2001 Orellii
2703 1967 2748 2001 et

267 2033 596 2091 Dillenburgeri
626 2034 894 2079 editionibus
924 2033 1059 2078 foede
1088 2039 1350 2090 corruptum
1380 2034 1446 2076 sic
1474 2032 1670 2090 legeret:
1706 2035 1826 2086 „sed
1865 2034 1977 2077 satis
2017 2043 2088 2079 est
2124 2048 2257 2080 orare
2286 2037 2437 2081 lovem
2475 2038 2550 2096 qui
2582 2038 2747 2081 donat

268 2124 312 2159 et
343 2115 538 2161 aufert.“
582 2115 835 2159 Schmidius
867 2114 1048 2173 Cruquii
1077 2114 1218 2159 libros
1243 2121 1460 2173 sequutus
1491 2121 1615 2158 recte
1647 2114 1782 2158 edidit
1811 2114 1984 2172 ponit,
2023 2116 2105 2161 sed
2139 2116 2252 2160 male
2283 2119 2494 2175 exposuit
2524 2119 2578 2162 de
2611 2118 2747 2161 collo-

268 2197 413 2238 canda
446 2198 653 2252 pecunia.

491 2278 696 2334 Denique
728 2277 813 2320 adi.
845 2276 888 2319 in
914 2289 985 2319 ax
1014 2275 1265 2319 desinentia
1292 2282 1413 2318 amat
1444 2282 1492 2317 nt
1521 2273 1576 2317 H.
1604 2289 1646 2319 v.
1675 2274 1827 2319 Heins.
1859 2276 1915 2318 ad
1946 2276 2002 2322 A.
2033 2276 2075 2330 2,
2108 2277 2152 2330 6,
2181 2277 2238 2320 23
2269 2277 2323 2321 cl.
2350 2278 2403 2322 A.
2434 2278 2487 2322 A.
2517 2278 2558 2331 2,
2592 2277 2673 2321 189
2703 2288 2747 2322 et

267 2359 323 2400 de
352 2373 392 2401 v.
425 2358 796 2414 perprimendi
826 2357 1002 2415 utrique
1031 2356 1253 2400 communi
1281 2356 1412 2399 eund.
1443 2355 1497 2398 A.
1528 2354 1582 2399 A.
1617 2355 1655 2408 l,
1684 2355 1783 2398 394.

491 2438 681 2480 lacobus
711 2452 755 2479 v.
788 2436 840 2481 cl.
871 2437 930 2479 ad
961 2436 1012 2488 1,
1045 2436 1150 2481 270:
1181 2435 1472 2492 „metathesis
1502 2436 1545 2477 in
1574 2449 1673 2491 que
1703 2434 1937 2479 familiaris
1964 2435 2185 2479 Manilio“
2214 2437 2266 2481 H.
2297 2438 2346 2481 C.
2376 2437 2425 2488 2,
2457 2437 2524 2490 19,
2552 2437 2629 2480 32:
2666 2452 2747 2481 ore

268 2519 413 2578 pedes
444 2518 742 2576 tetigitque
773 2530 905 2561 crura
939 2516 997 2561 cl.
1028 2516 1328 2573 Peerlkampo
1358 2531 1400 2573 p.
1419 2514 1519 2569 296,
1550 2515 1606 2558 A.
1637 2514 1814 2573 aliaque
1845 2515 2053 2573 exempla
2077 2516 2206 2561 affert
2234 2516 2376 2561 Bentl.
2406 2518 2466 2561 ad
2495 2517 2619 2561 v.24.
2648 2519 2749 2569 Quo

266 2600 308 2643 in
340 2614 424 2643 usu
455 2600 645 2656 praeivit
674 2600 714 2642 si
741 2598 874 2641 lectio
901 2598 962 2641 ibi
989 2610 1042 2641 se
1073 2605 1200 2640 recte
1229 2596 1363 2639 habet
1388 2595 1503 2639 Cato
1524 2595 1771 2639 Censorius
1800 2596 1843 2639 in
1874 2595 1933 2641 fr.
1959 2604 2089 2641 oratt.
2118 2597 2171 2641 R.
2202 2613 2240 2655 p.
2268 2597 2324 2640 58
2339 2599 2406 2642 ed.
2424 2598 2579 2643 Meier.
2607 2600 2744 2643 Ildae.

268 2682 433 2727 Aliud
468 2688 564 2732 est,
602 2680 780 2736 inquit
811 2678 975 2731 Cato,
1018 2677 1299 2733 philippe,
1339 2677 1510 2733 longe
1543 2675 1806 2733 aliudque
1838 2690 2013 2729 amor,
2053 2678 2136 2720 abs
2166 2691 2253 2734 quo
2285 2677 2373 2720 alia
2399 2681 2591 2735 sumpsit
2619 2679 2669 2724 Η.
2701 2689 2747 2723 ut

268 2760 427 2817 dapis
459 2759 501 2801 in
535 2772 719 2802 numero
762 2758 874 2813 sing.
906 2761 965 2809 (c.
998 2755 1080 2798 132
1111 2755 1152 2798 d.
1182 2755 1241 2800 R.
1272 2755 1329 2798 R.
1362 2761 1406 2798 et
1436 2755 1642 2811 saepius)
1672 2754 1865 2800 licebit
1894 2771 1932 2800 c.
1962 2757 2079 2802 coni.
2110 2771 2147 2801 c.
2182 2755 2271 2800 158.
2306 2757 2381 2801 161
2415 2774 2461 2796 ==
2491 2758 2544 2803 H.
2568 2759 2649 2816 Ep.
2683 2759 2748 2805 15.

268 2841 333 2885 19.
365 2840 416 2884 C.
452 2840 497 2891 l,
530 2838 604 2889 28,
638 2838 706 2881 25.
738 2851 840 2880 nam
871 2836 975 2880 alibi
1006 2835 1221 2880 Horatius
1250 2835 1509 2879 infinitivum
1540 2836 1763 2891 apposuit.

493 2920 613 2963 Idem
640 2919 697 2962 ad
727 2919 781 2971 4,
810 2917 915 2961 529:

831 2998 1099 3053 „Instruit
1127 3005 1177 3041 et
1206 2996 1367 3041 dotes
1397 2995 1580 3041 saltus
1609 3010 1719 3040 cum
1752 3004 1981 3053 pectore
2020 2998 2195 3054 iungit

267 3092 482 3140 peetus;
513 3080 705 3123 audacia
736 3087 921 3135 superat
951 3078 1208 3121 Horatium:
1259 3077 1374 3119 Non
1407 3085 1458 3119 tu
1487 3090 1691 3133 corpus
1721 3092 1845 3121 eras
1874 3079 1994 3121 sine
2023 3087 2274 3134 pectore.
2334 3082 2399 3123 lta
2429 3096 2567 3137 supra
2599 3083 2639 3135 2,
2664 3081 2743 3123 581

267 3174 461 3221 pectus
491 3161 810 3205 amicitiae.“
870 3159 1040 3201 Eadem
1071 3158 1261 3202 audacia
1289 3158 1332 3200 in
1362 3158 1465 3214 epit.
1494 3156 1615 3201 Iliad.
1645 3158 1702 3200 89
1732 3173 1899 3201 meum
1932 3170 2135 3215 corpus
2165 3160 2320 3204 Thetis
2351 3163 2409 3204 de
2435 3162 2525 3205 filio
2554 3176 2647 3205 suo,

487 3245 536 3298 5,
568 3243 651 3284 155
685 3242 739 3283 de
768 3241 925 3284 fractis
955 3249 1000 3284 et
1030 3240 1235 3283 mollibus
1265 3239 1543 3281 hominibus:

832 3329 883 3364 et
911 3322 1152 3363 morbum
1184 3320 1412 3362 virtutis
1447 3318 1656 3361 nomine
1694 3319 1905 3361 iactant

267 3404 380 3447 male
413 3404 528 3447 enim
558 3404 724 3460 accipit
751 3400 973 3445 Firmicus
1004 3402 1059 3443 de
1092 3400 1359 3449 ambitione3
1389 3399 1557 3442 rectius
1576 3397 1789 3456 ‘Scaliger
1820 3412 1846 3442 e
1878 3398 2128 3445 Claudiano
2158 3402 2311 3445 affert:

833 3482 965 3532 Quod
997 3490 1210 3540 turpem
1241 3480 1410 3538 pateris
1441 3492 1554 3523 cano
1588 3480 1674 3523 iam
1704 3480 1866 3536 podice
1895 3482 2155 3526 morbum.
