3008 3764
1327 61 1680 120 -18-

1386 218 1517 262 Haud
1545 233 1682 265 secus
1712 221 1814 266 olim

824 298 1063 355 Pugnaces
1094 295 1221 341 Fabii
1250 298 1398 354 patria
1426 313 1510 355 pro
1539 308 1675 356 gente
1702 302 1928 347 cadebant

820 378 877 421 Et
905 377 1073 422 Decius
1103 391 1302 435 propero
1330 377 1479 424 lucem
1507 380 1582 437 qui
1613 379 1702 424 fine
1732 381 1911 427 refudit.
2268 438 2274 441 p

480 456 708 503 Claudian.
742 458 911 513 Paneg.
941 456 986 499 in
1018 456 1070 502 P.
1102 464 1148 500 et
1176 457 1228 501 Ο.
1257 456 1386 503 Coss.
1421 458 1505 501 147
1530 474 1620 517 sq.:
1656 459 1860 506 Decios
1896 462 2206 519 pulchros·
2228 461 2516 520 Gallisque
2544 476 2723 521 genus

254 537 424 581 fatale
457 537 734 582 Camillos.
766 538 866 580 adv.
895 536 1082 594 Eutrop.
1115 537 1164 593 1,
1193 537 1302 581 460:
1350 538 1643 584 Brutorum
1688 539 2171 601 Corvinorumque
2209 550 2490 588 catervae.
2549 544 2597 588 S.
2627 543 2734 589 Hie-

255 634 427 677 ronym.
445 621 504 664 ad
526 619 705 663 Paullin.
722 633 791 676 ep.
807 618 909 662 XIII
927 616 1218 675 Camillos,
1245 618 1563 675 Fabricios,
1592 621 1852 679 Regulos,
1887 622 2190 680 Scipiones.
2225 624 2364 672 Rutil.
2381 624 2551 669 Namat.
2567 624 2734 678 1‚555:

821 698 1025 756 Exiguus
1055 711 1212 755 regum
1241 707 1444 744 rectores
1475 713 1641 756 cespes
1672 699 1893 752 habebat,

962 779 1018 823 Et
1049 777 1340 824 Cincinnatos
1367 780 1524 836 iugera
1553 793 1700 836 pauca
1731 779 1913 827 dabant.

819 859 945 903 Haec
978 861 1111 903 etiam
1135 861 1267 904 nobis
1297 875 1387 904 non
1417 859 1628 904 inferiora
1657 859 1862 904 feruntur

963 941 1162 984 Vomere
1193 941 1379 984 Serrani
1406 940 1442 982 F
1445 940 1690 998 abriciique
1720 940 1840 983 foco.

254 1022 330 1064 ubi
362 1020 517 1064 similia
547 1033 662 1076 quae
693 1020 933 1061 omittimus
964 1020 1096 1062 affert
1122 1023 1172 1062 Α.
1200 1019 1270 1063 W.
1298 1020 1541 1076 Zumptius.
1597 1020 1864 1064 Prudentius
1901 1020 2092 1077 denique
2128 1020 2282 1077 Steph.
2312 1020 2354 1072 2,
2388 1020 2456 1063 13.
2491 1022 2564 1067 14:
2614 1024 2656 1066 N
2664 1038 2733 1066 on

256 1101 603 1145 turbulentis
647 1099 857 1143 viribus
904 1098 1070 1143 Cossi
1117 1097 1333 1143 Camilli
1378 1108 1467 1143 aut
1511 1099 1802 1154 Caesaris,
1843 1114 1973 1158 quem
2013 1114 2071 1144 ue
2104 1100 2333 1159 Vergilius
2375 1101 2549 1159 quidem
2587 1104 2733 1149 omisit

254 1182 370 1224 Aen.
398 1181 446 1234 6,
474 1180 579 1223 8422

820 1260 932 1310 Quis
965 1267 1014 1324 te
1039 1274 1203 1319 magne
1234 1260 1347 1304 Cato
1377 1261 1560 1303 tacitum
1589 1269 1665 1303 aut
1694 1267 1737 1303 te
1769 1259 1944 1304 Cosse
1975 1260 2223 1318 relinquat?

255 1340 324 1384 De
346 1341 495 1384 Corvo
527 1348 660 1384 notus
692 1347 762 1382 est
791 1339 905 1383 Livii
936 1339 1065 1384 locus
1095 1341 1148 1395 7„
1183 1341 1262 1397 26,
1296 1342 1351 1384 de
1381 1340 1528 1385 Cosso
1560 1340 1619 1384 cf.
1653 1340 1842 1384 eundem
1865 1340 1914 1392 4,
1944 1340 2011 1384 20.

480 1420 820 1477 Appugnare
853 1420 1081 1463 invenisse
1110 1422 1288 1464 videtur
1309 1422 1493 1464 Tacitus
1522 1422 1575 1464 A.
1606 1421 1652 1472 2,
1692 1420 1746 1462 81
1781 1420 1836 1463 cl.
1865 1420 2040 1464 Rittero
2071 1442 2117 1460 =
2156 1420 2202 1464 C.
2230 1421 2282 1473 4,
2315 1421 2391 1473 15,
2422 1421 2478 1471 28
2507 1423 2588 1464 rite
2620 1424 2730 1466 deos

255 1502 381 1557 prius
420 1500 713 1556 apprecati
750 1499 954 1555 idemque
994 1500 1306 1556 applorans
1343 1500 1423 1557 Ep.
1458 1500 1534 1552 ll,
1566 1501 1633 1546 12.
1671 1500 2000 1559 affrangere
2037 1502 2150 1545 Stat.
2181 1502 2322 1545 Theb.
2348 1503 2399 1554 5,
2427 1503 2523 1545 150.
2561 1502 2729 1545 affre—

255 1595 398 1624 mere
440 1580 516 1624 Sil.
550 1579 629 1636 14,
660 1579 753 1623 124.
783 1580 1105 1635 adgaudere
1144 1579 1350 1623 Lactant.
1388 1579 1417 1621 1.
1448 1580 1494 1630 4,
1524 1579 1570 1630 6,
1601 1579 1640 1624 8.

476 1659 787 1713 ldemA.3,3:
816 1659 1063 1703 Facilius
1093 1660 1443 1712 crediderim,
1476 1660 1695 1702 Tiberio
1727 1669 1776 1703 et
1805 1661 2080 1718 Augusta,
2107 1663 2234 1720 quia
2264 1662 2418 1706 domo
2448 1676 2725 1705 nonexce-

254 1741 473 1792 debant,
507 1740 802 1784 cohibitam
830 1761 875 1781 =:
904 1739 956 1783 H.
985 1740 1034 1784 C.
1064 1740 1111 1792 1,
1139 1740 1168 1782 6
1206 1741 1298 1783 init.
1341 1741 1619 1783 Scriberis
1648 1740 2002 1784 Vario-alite.
2064 1742 2139 1785 Sic
2171 1742 2400 1786 Mediceus
2431 1750 2474 1786 et
2504 1756 2727 1799 nunquam

254 1822 436 1866 credam
464 1822 752 1878 Augustae
784 1835 889 1864 esse
917 1820 1078 1864 Tacifl.

474 1901 678 1959 Denique
718 1901 862 1944 Taciti
889 1901 1154 1944 auctoritate
1187 1901 1431 1945 defendere
1467 1903 1726 1944 conabimur
1763 1903 1910 1946 locum
1951 1918 1979 1946 a
2013 1903 2308 1961 Peerlkampo
2348 1913 2391 1947 et
2427 1904 2589 1948 Estreo
2623 1905 2727 1947 Pro-

253 1995 437 2038 sopogr.
470 1980 521 2024 H.
554 1997 596 2037 p.
625 1980 710 2023 269
739 1996 807 2038 sq.
842 1981 1010 2024 acriter
1038 1981 1341 2038 impugnatum
1371 1980 1419 2025 C.
1448 1981 1496 2033 3,
1521 1982 1571 2033 6,
1602 1981 1648 2024 9:

817 2060 910 2103 Iam
937 2061 1007 2104 bis
1038 2060 1285 2104 Monaeses
1315 2068 1359 2103 et
1392 2062 1554 2104 Pacori
1584 2075 1744 2104 manus

816 2142 922 2184 Non
953 2141 1218 2198 auspicatos
1250 2142 1449 2184 contudit
1478 2143 1670 2198 impetus
1791 2130 1794 2136 ¹

953 2221 1134 2264 Nostris
1166 2229 1212 2263 et
1239 2221 1524 2265 adiecisse
1554 2224 1770 2278 praedam

1097 2301 1350 2360 Torquibus
1380 2301 1553 2358 exiguis
1580 2303 1765 2346 renidet.

475 2385 602 2430 Quae
633 2383 771 2424 verba
797 2382 955 2425 Tacito
985 2385 1071 2425 iam
1100 2383 1219 2426 lecta
1249 2397 1373 2436 esse,
1402 2383 1508 2425 mihi
1538 2398 1806 2440 persuasum
1837 2391 1908 2426 est
1936 2398 1993 2427 ex
2007 2384 2060 2427 A.
2083 2383 2151 2436 15,
2175 2384 2241 2425 14.
2288 2383 2451 2434 „Adeo
2467 2383 2723 2441 Vologeses

249 2462 357 2504 nihil
388 2477 469 2518 pro
500 2476 664 2515 causa,
695 2464 779 2505 sed
812 2463 1113 2520 opperiendos
1143 2464 1228 2506 sibi
1256 2463 1422 2506 fratres
1451 2464 1672 2506 Pacorum
1704 2478 1761 2507 ac
1773 2463 2000 2507 Tiridaten
2030 2463 2582 2520 rescripsit-adiecisse
2613 2465 2724 2507 deos

248 2543 430 2600 dignum
462 2542 810 2594 Arsacidarum,
842 2542 971 2584 simul
1009 2551 1056 2584 ut
1086 2544 1142 2585 de
1171 2542 1424 2601 legionibus
1451 2544 1667 2587 Romanis
1698 2549 1998 2587 statuerent.“
2055 2544 2124 2587 De
2151 2545 2373 2586 Monaese
2402 2554 2521 2586 nunc
2548 2545 2724 2602 quidem

245 2624 353 2666 nihil
381 2631 578 2669 constat.
611 2623 823 2666 dissimile
853 2630 1002 2665 autem
1031 2637 1142 2666 vero
1170 2624 1370 2676 videtur,
1400 2637 1582 2667 errasse
1612 2625 1978 2681 interpolatorem
2000 2625 2045 2667 in
2061 2625 2312 2668 nominibus
2327 2623 2559 2682 eligendis,
2589 2639 2721 2682 quum

246 2705 454 2748 Surenae
484 2716 645 2747 nomen
676 2703 797 2759 apud
828 2717 985 2746 omnes
1014 2702 1301 2747 historiarum
1327 2705 1576 2761 scriptores
1611 2705 1656 2747 in
1690 2713 1901 2762 promptu
1933 2711 2069 2748 esset.
2129 2703 2318 2747 Sobriae
2354 2704 2487 2760 igitur
2524 2705 2606 2748 erit
2635 2706 2721 2748 cri-

246 2787 337 2838 sis,
379 2793 626 2841 expectare
658 2784 761 2828 dum
792 2783 991 2827 certiora
1020 2783 1291 2841 indagentur
1320 2784 1520 2829 fortasse
1551 2800 1609 2829 ex
1640 2784 1932 2829 Orientalium
1960 2785 2281 2842 scriptoribus,
2322 2798 2424 2828 nam
2459 2799 2575 2843 quae
2610 2784 2719 2829 Bur·

244 2866 360 2909 nouf
382 2867 426 2909 in
461 2881 659 2909 excursu
688 2867 745 2908 ad
778 2865 980 2907 Tacitum
1010 2865 1151 2908 Orelli
1178 2866 1329 2919 affert,
1376 2866 1570 2908 nondum
1606 2867 1884 2910 documentis
1920 2868 2033 2910 satis
2066 2866 2240 2908 firmata
2271 2866 2487 2909 videntur.
2545 2867 2721 2909 Interim

244 2947 546 3007 relinquemus
576 2947 761 2990 Horatio
790 2961 975 3004 nomen,
1007 2948 1260 3005 cogitantes
1289 2948 1406 3006 apud
1425 2947 1628 2990 Tacitum
1658 2962 1836 3007 quoque
1866 2947 1933 3002 11,
1954 2947 2006 2990 10
2032 2946 2268 2990 Erindes
2297 2946 2535 2990 Armeniae
2554 2946 2720 2991 flumen

245 3044 463 3089 nusquam
493 3037 732 3088 praeterea
763 3038 1155 3074 commemoratum
1182 3031 1413 3088 ipsamque
1444 3029 1600 3073 silvam
1629 3029 2062 3087 Teutoburgiensem
2097 3028 2292 3084 ignotam
2320 3028 2460 3085 longa
2488 3032 2620 3071 nocte
2649 3042 2720 3069 ur-

246 3112 364 3169 geri,
391 3111 430 3156 si
459 3116 642 3155 careret
667 3117 770 3154 vate
806 3123 941 3155 sacro
971 3110 1016 3154 iu
1048 3112 1193 3168 primo
1231 3110 1470 3155 Annalium
1497 3110 1625 3155 libro.
1684 3110 1841 3169 Neque
1867 3109 1976 3154 illud
2006 3108 2216 3153 accidere
2235 3123 2326 3154 non
2354 3109 2515 3167 potuit,
2545 3115 2594 3153 ut
2623 3107 2722 3152 sola

246 3206 335 3236 vox
366 3192 661 3236 Monaeses
691 3204 800 3236 casu
829 3192 1022 3249 quodam
1052 3192 1175 3237 illata
1202 3192 1260 3236 sit
1298 3199 1347 3236 ut
1375 3205 1515 3250 supra
1546 3192 1797 3236 Scauros
1827 3191 2017 3235 vidimus
2050 3197 2094 3234 et
2121 3190 2239 3248 quod
2268 3191 2325 3233 ab
2365 3189 2551 3234 Horatio
2586 3203 2720 3234 manu

245 3272 528 3330 profectum,
555 3273 762 3331 perierit,
793 3274 1164 3330 quemadmodum
1194 3272 1244 3316 E.
1277 3272 1325 3325 1,
1360 3272 1437 3324 12,
1466 3271 1533 3317 27.
1573 3272 1661 3316 lus
1690 3271 2077 3329 imperiumque
2106 3270 2419 3315 Phrahates
2459 3268 2718 3336 Caesaris

246 3355 459 3412 accepit
489 3355 722 3413 genibus
751 3352 924 3397 minor
951 3353 1019 3397 sic
1050 3352 1190 3397 Orell.
1220 3353 1560 3410 interpretatur:
1592 3352 1824 3410 „Supplex
1853 3366 1938 3409 per
1964 3352 2386 3410 legatos-captivos
2418 3359 2461 3393 et
2488 3352 2618 3408 signa
2644 3354 2719 3396 mi-

246 3435 392 3480 litaria
415 3435 630 3481 remisit.“
684 3433 830 3480 Vides
858 3432 969 3479 nihil
1005 3448 1095 3481 non
1124 3434 1340 3480 eiusmodi
1370 3435 1739 3492 interpretatione
1769 3433 1887 3479 effici
1917 3446 2069 3492 posse.
2124 3431 2421 3477 Scribendum
2442 3430 2719 3490 Tigranes
