3008 3764
1263 103 1612 160 „15-

199 275 450 321 solvitur
484 295 537 316 =
567 275 617 321 S.
639 255 779 329 2,'1‚
806 260 866 318 86
897 266 1206 316 solventur
1241 268 1367 312 risu
1399 268 1636 313 tabulae
1673 270 1748 313 ubi
1791 270 2058 314 dissentiunt
2091 270 2205 313 inter
2239 286 2347 315 sese
2384 274 2667 315 Burmannus

199 363 245 401 et
280 354 591 415 Spaldingius:
626 354 836 414 pinguior
865 352 954 396 iam
984 349 1206 409 quaedam
1230 348 1411 393 imitatio
1441 350 1484 393 in
1511 349 1925 395 Declamationibus
1961 357 2155 408 apparet
2183 350 2307 395 velut
2342 351 2667 410 frigoribus

199 452 262 482 ac
299 436 524 484 solibus
558 439 806 494 perusta
833 448 881 489 p.
910 428 968 476 :38
998 426 1216 476 ediObr.
1251 447 1298 467 =
1332 427 1419 487 Ep.
1450 429 1503 484 2,
1534 428 1618 482 41;
1665 430 1794 475 inde
1829 429 2041 487 pallor,
2086 431 2220 475 inde
2261 434 2477 476 macies
2514 451 2559 490 p.
2585 433 2667 477 142

198 537 249 558 =
283 518 333 563 C.
361 519 410 573 l,
439 518 494 572 3,
528 517 608 566 303
651 521 744 559 tum
777 527 887 558 non
923 511 1067 556 enim
1101 517 1305 555 vestes
1341 525 1451 554 nec
1483 525 1683 554 aurum
1714 526 1820 555 nec
1851 513 2200 557 ambitiosos
2238 515 2467 570 quaerit
2501 529 2666 557 orna·

198 608 287 643 tus
323 616 368 658 p.
407 598 490 641 177
519 616 566 634 =
596 594 663 637 Et
697 607 895 635 aurum
932 591 1197 635 vestibus
1241 588 1455 633 illitam
1488 590 1698 635 Mirata
1732 591 2084 650 regaliaque
2130 592 2321 636 cultus
2360 594 2410 636 C.
2446 595 2490 647 4,
2524 594 2567 646 9,
2598 595 2664 636 14.

199 683 324 727 Tibi
365 693 519 727 omne
565 675 838 721 armentis
889 675 1101 734 mugiet
1134 688 1326 718 nemus
1365 689 1410 731 p.
1444 674 1529 719 237
1563 692 1616 714 =
1651 673 1701 718 C.
1731 674 1783 728 2,
1821 673 1897 728 16,
1925 674 2006 718 34:
2071 674 2147 718 Te
2188 687 2401 733 greges
2448 682 2668 717 centum

200 762 552 815 Siculaeque
596 758 809 799 circum
846 756 1106 813 Mugiunt
1142 767 1383 798 vaccae.
1454 753 1691 796 Furtiva
1730 761 1932 810 stupra
1966 762 2291 810 raptosque
2329 755 2666 796 concubitus

197 860 245 903 p,
281 840 366 885 296
396 856 451 879 =
482 837 690 897 raptim
726 837 897 880 donat
929 835 1278 894 inpermissa
1311 835 1517 893 gaudia
1553 833 1603 879 C.
1629 835 1680 889 3,
1715 834 1768 889 6,
1802 834 1871 876 27.
1943 833 2148 878 Ceterum
2182 835 2301 878 idem
2327 834 2458 877 etiam
2488 848 2543 877 ex
2569 834 2667 878 aliis

198 923 344 983 poetis
388 921 589 978 integros
634 932 795 963 versus
842 916 1058 975 sumpsit,
1106 915 1231 960 velut
1276 929 1333 960 ex
1375 915 1552 961 Catullo
1590 932 1636 975 p.
1666 916 1776 960 264:
1842 916 2010 960 Potes
2053 915 2159 960 hoc
2208 916 2444 960 videre?
2499 924 2666 973 potes

197 1004 304 1048 hoc
340 999 534 1045 ferre?

421 1103 610 1148 Videtur
645 1101 912 1146 Sermonum
949 1101 998 1156 1,
1032 1102 1087 1156 7,
1124 1100 1178 1145 16
1204 1100 1472 1145 recordatus
1513 1112 1621 1145 esse
1668 1113 1802 1156 quum
1846 1098 2077 1143 scribebat
2109 1100 2223 1157 Epp.
2259 1100 2312 1154 5,
2347 1100 2398 1142 2:
2456 1100 2668 1156 „Accepi

200 1185 528 1243 pulcherrimos
562 1182 956 1239 turdos-recipies
988 1194 1099 1239 ergo
1129 1180 1349 1238 epistolas
1385 1181 1564 1225 steriles
1585 1188 1631 1223 et
1660 1180 1919 1236 simpliciter
1937 1180 2139 1236 ingratas
2170 1195 2226 1224 ac
2260 1195 2324 1224 ne
2359 1181 2513 1223 illam
2550 1181 2667 1236 qui-

202 1266 419 1324 quidem
453 1262 783 1318 sollertiam
817 1261 1111 1307 Diomedis
1147 1262 1201 1305 in
1242 1261 1621 1319 permutando
1660 1274 1895 1304 munere
1931 1260 2270 1304 imitantes.“

421 1378 542 1421 Idem
561 1377 622 1431 ,8,
652 1378 708 1419 24
736 1384 886 1420 monet
919 1376 1161 1418 Maximum
1196 1377 1254 1418 ad
1289 1377 1582 1420 ordinandam
1615 1375 1836 1420 Achaiam
1869 1377 2051 1420 missum
2081 1386 2128 1419 ut
2164 1378 2251 1430 „sit
2286 1377 2407 1434 apud
2447 1384 2491 1418 te
2521 1375 2667 1418 honor

201 1459 471 1517 antiquitati,
500 1459 557 1501 sit
589 1457 922 1516 ingentibus
965 1455 1183 1502 factis“
1222 1457 1295 1513 qui
1329 1457 1459 1500 locus
1498 1463 1648 1501 tuetur
1682 1457 1939 1514 ingentia
1973 1456 2131 1500 facta
2167 1470 2194 1499 a
2228 1455 2435 1499 Bentleio
2472 1455 2589 1512 Epp.
2625 1454 2667 1507 2,

202 1541 252 1594 1,
285 1539 314 1581 6
348 1539 548 1597 argutius
581 1552 712 1595 quam
741 1538 893 1581 verius
924 1544 1109 1579 tentata.

423 1642 628 1690 Divinum
673 1641 815 1685 Taciti
859 1640 1081 1699 ingenium
1135 1640 1504 1697 quemadmodum
1557 1640 1711 1697 primis
1766 1640 1924 1683 studiis
1977 1639 2179 1683 Tulliana
2232 1640 2407 1683 dicendi
2462 1640 2670 1682 ubertate

202 1736 309 1766 sese
338 1721 513 1778 impleri
548 1736 733 1778 passum
770 1729 868 1764 erat
901 1722 1034 1777 idque
1081 1721 1125 1763 in
1169 1719 1349 1778 dialogo
1394 1719 1586 1763 feliciter
1628 1728 1948 1777 expresserat,
1992 1721 2054 1763 ita
2101 1729 2261 1776 postea
2297 1721 2530 1763 Horatium
2574 1726 2669 1761 toto

202 1802 346 1845 animo
381 1801 548 1845 imbibit
575 1802 707 1857 idque
745 1808 790 1843 et
827 1800 872 1843 in
910 1800 1117 1844 Historiis
1155 1800 1387 1858 magisque
1427 1800 1557 1843 etiam
1597 1800 1643 1842 in
1686 1799 1839 1844 ultimo
1875 1814 1959 1843 suo
1993 1799 2229 1843 Annalium
2273 1814 2416 1856 opere
2456 1798 2666 1842 ostendit.

200 1880 326 1924 Vere
356 1881 469 1924 enim
498 1881 697 1924 Ritterus
732 1894 801 1938 pr.
838 1896 883 1937 p.
910 1880 1013 1922 XII:
1061 1879 1273 1934 „Etenim
1305 1893 1420 1937 quae
1453 1879 1594 1923 virtus
1633 1888 1679 1923 et
1714 1881 1914 1937 potentia
1950 1880 2192 1938 perpaucis
2228 1880 2346 1923 omni
2382 1893 2500 1922 aevo
2530 1878 2666 1922 homi-

200 1962 330 2005 nibus
361 1975 589 2006 concessa
623 1943 867 2019 reperitur,
900 1960 1000 2003 dico
1035 1959 1122 2004 vim
1155 1959 1376 2012 imitandi,
1413 1958 1503 2002 hac
1545 1959 1662 2003 inter
1697 1960 1931 2004 Romanos
1968 1961 2083 2004 adeo
2116 1960 2295 2004 Tacitus
2338 1959 2578 2013 excelluit,
2621 1966 2669 2001 ut

200 2042 347 2100 ipsum
377 2040 683 2099 Thucydidem
718 2046 927 2097 superet,
972 2039 1048 2083 vix
1077 2038 1255 2083 Platoni
1284 2053 1456 2083 summo
1493 2039 1589 2083 eius
1627 2040 1737 2083 artis
1778 2039 1985 2097 exemplo
2018 2041 2261 2094 concedat,
2296 2040 2485 2083 Latinos
2519 2053 2670 2082 rerum

201 2121 475 2180 scriptores,
506 2121 635 2165 etiam
663 2119 905 2164 Salustium
934 2126 980 2163 et
1013 2119 1210 2173 Livium,
1257 2118 1395 2178 longo
1434 2119 1672 2165 intervallo
1710 2128 1819 2179 post
1859 2134 1911 2165 se
1956 2120 2219 2179 relinquat.“
2286 2120 2490 2171 Quorum
2535 2119 2671 2164 multa

203 2214 319 2259 quae
350 2201 406 2246 ad
441 2199 670 2246 Horatium
704 2206 913 2258 spectant
940 2200 1025 2244 iam
1067 2200 1307 2258 occupavit
1342 2197 1497 2246 Orellii
1528 2199 1748 2246 sedulitas
1783 2201 1829 2246 in
1862 2201 2094 2258 utriusque
2126 2201 2362 2259 scriptoris
2405 2201 2670 2246 editionibus

203 2281 311 2325 suis.
381 2280 482 2325 Alia
510 2287 657 2324 autem
691 2286 796 2324 sunt
826 2293 942 2337 quae
977 2279 1118 2337 magis
1163 2279 1319 2324 sentiri
1368 2294 1501 2337 quam
1541 2280 1841 2326 demonstrari
1888 2282 2077 2339 possint.
2147 2279 2295 2324 Veluti
2337 2297 2471 2339 quum
2507 2280 2671 2324 Vitellii

201 2360 408 2418 legiones
442 2360 732 2404 tumescentis
771 2355 942 2405 Oceani
976 2359 1020 2404 vi
1050 2360 1297 2408 obruantur
1327 2358 1384 2404 A.
1417 2359 1469 2414 1,
1497 2360 1553 2404 70
1594 2362 1820 2415 „tandem
1854 2360 2060 2405 Vitellius
2099 2362 2140 2404 in
2183 2362 2430 2405 editiora
2474 2362 2669 2405 enisus

204 2439 363 2484 eodem
414 2454 575 2498 agmen
623 2439 884 2484 subduxit.“
953 2438 1125 2483 Horatii
1167 2439 1225 2484 ibi
1269 2440 1557 2484 admonemur
1600 2441 1651 2486 C.
1686 2442 1729 2495 3,
1763 2442 1902 2495 3,10
1949 2443 2196 2496 „Enisus
2252 2457 2422 2486 arces
2478 2443 2670 2499 attigit

201 2520 443 2577 igneas“
487 2519 809 2576 Romanosque
853 2518 1011 2562 milites
1060 2534 1161 2562 cum
1202 2519 1272 2563 his
1315 2519 1528 2563 heroibus
1576 2536 1851 2578 componere
1888 2522 2185 2565 adsuevimur.
2257 2522 2356 2564 Nec
2393 2522 2540 2565 solum
2581 2523 2668 2564 sin-

202 2597 336 2655 gulae
378 2613 549 2652 voces,
593 2599 676 2642 sed
715 2600 845 2643 etiam
885 2599 1175 2656 complurium
1212 2601 1450 2644 verborum
1495 2601 1549 2643 ab
1585 2600 1772 2645 Horatio
1802 2600 2093 2659 Vergilioque
2138 2602 2378 2657 petitorum
2417 2603 2666 2645 coniunctio

201 2677 494 2735 rhythmicam
520 2681 789 2724 narrationis
827 2681 916 2724 vim
949 2680 1132 2723 mirifice
1169 2681 1377 2738 adauget.
1449 2680 1610 2729 Qualia
1645 2690 1749 2725 sunt
1782 2683 1825 2724 in
1846 2683 2093 2726 Annalibus
2131 2683 2436 2725 demissum
2475 2697 2666 2724 nomen

202 2757 386 2816 Vergilii
418 2758 681 2817 Horatiique
718 2761 764 2804 S.
796 2762 847 2815 2,
881 2761 934 2812 5;
980 2762 1491 2805 contaminatorum
1534 2776 1713 2819 grege
1747 2762 1802 2806 Α.
1837 2762 1915 2816 15,
1950 2763 2007 2806 37
2040 2778 2093 2801 =
2127 2762 2176 2805 C.
2212 2763 2258 2816 l,
2291 2763 2371 2815 37,
2405 2764 2433 2806 9
2473 2773 2667 2805 contu-

201 2839 412 2880 minato
451 2852 569 2880 cum
605 2854 804 2899 grege3
839 2840 1029 2884 laetus
1066 2840 1120 2883 in
1149 2854 1437 2898 praesens
1462 2840 1608 2895 A.11,
1641 2841 1906 2895 15:02,
1945 2841 2012 2895 16,
2046 2842 2127 2893 25;
2163 2843 2215 2885 in
2254 2845 2411 2901 nepti
2449 2842 2669 2885 adulter

202 2919 257 2963 A.
286 2918 337 2971 3,
366 2918 422 2960 24
457 2936 505 2956 =--
549 2918 759 2966 Villius
805 2922 859 2964 in
901 2920 1115 2964 Fausta
1164 2920 1361 2964 Sullae
1398 2935 1575 2979 gener
1613 2921 1661 2965 S.
1695 2923 1743 2976 1,
1773 2923 1823 2976 2,
1858 2922 1935 2971 64;
1972 2923 2015 2965 in
2045 2922 2185 2977 111,
2220 2924 2278 2967 59
2313 2925 2522 2982 grande
2561 2939 2669 2966 mo-

204 3007 439 3045 mentum
467 2999 518 3054 C,
537 2999 580 3054 2,
601 3001 623 3044 1
649 3004 871 3061 grande
900 3016 1120 3054 munus3
1153 3002 1196 3056 2,
1230 3001 1260 3045 5
1292 3015 1472 3059 equos
1500 3001 1960 3046 mercantur=S.
1984 3003 2024 3056 1,
2050 3003 2169 3056 2,86
2204 3005 2297 3049 ubi
2330 3019 2505 3061 equos
2538 3018 2669 3047 mer-

205 3088 413 3127 cantur
450 3080 577 3126 cuius
628 3096 793 3129 versus
834 3084 1126 3143 prioreparte
1166 3098 1282 3128 mos
1327 3091 1414 3128 est
1456 3084 1687 3143 regibus
1723 3098 1835 3128 usus
1873 3083 2015 3127 estA.
2040 3084 2116 3140 12,
2152 3086 2222 3129 47.
2294 3085 2670 3130 Intermissae

203 3163 477 3207 libidines
506 3161 561 3203 H.
581 3163 625 3215 4,
658 3164 715 3206 47
744 3172 792 3207 ut
825 3172 1009 3222 praeter
1045 3165 1176 3208 codd.
1215 3164 1384 3222 aliquot
1405 3166 1526 3208 Acro
1557 3164 1728 3223 legisse
1759 3165 1933 3207 videtur
1965 3164 2070 3219 C.3,
2105 3166 2149 3220 6,
2185 3167 2240 3209 27
2259 3167 2491 3224 explicans
2524 3169 2673 3220 „inter

202 3245 449 3289 lassatas.“
485 3243 636 3287 Tueor
666 3253 815 3288 autem
848 3261 971 3291 nunc
998 3246 1403 3304 impermissas.
1444 3246 1598 3290 Valer.
1628 3246 1737 3289 Max
1772 3246 1814 3297 7,
1850 3244 2120 3304 3vulgari
2157 3257 2212 3291 et
2246 3248 2527 3306 permissa
2561 3247 2670 3291 Ve—

203 3339 429 3370 nere.-
467 3324 765 3368 Revictam
792 3326 1249 3369 coniurationem
1281 3326 1338 3370 A.
1372 3326 1441 3380 15,
1473 3327 1527 3369 73
1563 3344 1610 3366 -τ
1646 3325 1757 3378 CA,
1793 3325 1844 3377 4,
1873 3324 1929 3366 24
1965 3334 2242 3371 catervae
2278 3328 2576 3379 revictae3
2613 3329 2668 3371 A.

203 3406 339 3462 11,12
363 3404 712 3450 fallere=E.
736 3407 778 3460 1,
814 3406 883 3460 18,
915 3405 1020 3457 103ς
1055 3405 1244 3451 lentus
1274 3407 1317 3461 3,
1342 3406 1531 3450 70=S.
1557 3408 1598 3461 1,
1627 3405 1671 3460 9,
1704 3404 1783 3456 64;
1819 3412 2119 3453 extractus
2154 3409 2201 3462 1,
2236 3405 2434 3453 39=S.
2457 3408 2497 3462 1,
2519 3409 2670 3462 1,11;

2716 1101 2861 1135 Plinius

2693 1171 2835 1206 Secund
2842 1183 2892 1205 un.

2695 1650 2860 1684 Tacitus.
