3008 3764
272 273 397 319 mihi
427 273 729 334 Castaeque
758 275 1058 319 damnatam
1089 273 1381 317 Minervae.
1425 273 1557 323 Quod
1582 279 1730 316 autem
1745 273 1852 316 luno
1870 272 2090 316 Fimbriae
2120 273 2278 317 milites
2308 286 2456 317 meos
2485 273 2732 331 Argivos

273 352 497 411 appellat,
526 355 571 398 id
600 363 648 398 ut
676 368 704 398 a
732 355 901 398 Iunone
932 352 1097 395 dictum
1128 351 1337 395 excusari
1368 360 1539 408 potest,
1576 353 1740 410 quippe
1776 366 1891 409 quae
1921 353 2078 397 hostes
2109 353 2272 397 Troiae
2308 368 2462 398 omnes
2500 354 2732 411 praecipui

275 435 521 480 adversarii
548 436 726 479 nomine
755 430 1095 488 complectatur.
1151 431 1313 475 Mirum
1343 440 1488 476 autem
1519 435 1559 476 si
1584 432 1797 476 Horatius
1827 447 1957 490 quem
1977 448 2114 477 nosse
2144 433 2385 490 oportebat
2414 433 2575 490 triplex
2606 434 2730 478 urbis

275 516 515 568 excidium,
558 527 822 569 „numerum
862 512 1124 569 poeticum⁶⁶
1160 511 1372 570 elegisset
1406 528 1503 557 cum
1533 513 1770 566 historico,
1806 520 1853 556 ut
1890 513 1951 555 ita
1991 514 2139 556 dicere
2173 514 2332 565 liceat,
2375 528 2559 557 numero
2596 515 2731 572 plane

274 598 636 642 consentientem.
849 585 852 588 ⁴

493 701 662 745 Verum
691 702 739 739 ut
764 695 923 739 redeat
951 696 1130 739 tandem
1159 696 1301 739 oratio
1331 697 1449 739 unde
1478 696 1657 740 deflexa
1685 704 1780 751 est,
1811 695 2017 754 profecto
2056 695 2226 740 ridiculi
2262 704 2379 750 sunt,
2410 698 2483 756 qui
2515 697 2731 741 Scaurum

274 780 408 825 filium
437 779 510 837 qui
538 783 726 834 propter
754 776 976 831 ignaviam
1008 789 1035 818 a
1068 782 1195 832 patre
1224 777 1442 819 obiectam
1471 777 1555 819 sibi
1586 783 1774 820 mortem
1805 778 2076 821 consciverit
2105 778 2230 834 (Val.
2260 778 2385 823 Max.
2416 778 2468 830 5,
2495 778 2547 831 8,
2577 780 2633 833 4)
2669 780 2730 822 in-

273 859 409 917 telligi
437 856 602 902 volunt.
659 854 823 899 Melius
850 868 962 900 sane
991 854 1137 899 Acro:
1174 855 1395 900 nobiles
1425 855 1701 901 Romanos
1732 857 1820 914 qui
1856 865 1910 900 et
1941 870 2204 901 censores
2237 865 2292 900 et
2323 856 2592 902 Consules
2617 858 2730 902 fue—

275 947 404 985 runt.
464 937 723 995 Legendum
757 943 905 980 autem
942 931 1214 979 coniecimus
1255 936 1299 979 in
1333 935 1519 995 Ephem.
1555 937 1686 983 litter.
1716 936 1929 983 Halenss,
1970 951 2027 984 m.
2065 938 2305 981 Novembri
2350 936 2461 981 1848
2497 936 2729 991 Corvos3

274 1019 425 1077 possis
462 1018 592 1062 etiam
625 1017 766 1061 Coss
781 1030 855 1061 os.
915 1014 1045 1058 Dabo
1083 1028 1230 1058 autem
1274 1024 1563 1074 conspectum
1600 1017 1806 1061 similium
1849 1016 2047 1060 locorum
2083 1026 2292 1075 quantum
2322 1026 2482 1075 potero
2526 1018 2729 1074 plenissi-

276 1114 414 1152 mum,
441 1109 489 1143 ut
515 1098 807 1155 intelligatur,
838 1095 908 1138 his
939 1111 1114 1154 quoque
1143 1097 1188 1138 in
1214 1097 1351 1141 rebus
1380 1097 1522 1141 fuisse
1552 1098 1728 1140 modum
1758 1098 1951 1154 antiquis
1996 1105 2040 1139 et
2076 1097 2188 1140 fines
2219 1112 2329 1154 quos
2371 1098 2489 1141 ultra
2530 1098 2730 1155 citraque

274 1182 477 1238 nequiret
506 1180 755 1222 consistere
784 1185 972 1218 rectum.

496 1259 635 1314 Verg.
666 1256 748 1300 Ge.
779 1256 824 1307 2,
857 1256 961 1298 169:

784 1346 786 1348 ·
977 1337 1149 1380 Decios
1182 1337 1352 1381 Marios
1382 1350 1656 1396 magnosque
1681 1336 1892 1380 Camillos

831 1418 1070 1473 Scipiadas
1099 1432 1165 1473 sq.

494 1498 555 1541 ld.
583 1498 697 1540 Aen.
728 1496 779 1549 6,
806 1496 911 1540 8252

831 1576 947 1626 Quin
974 1576 1142 1619 Decios
1173 1574 1438 1633 Drusosque
1469 1575 1626 1633 procul
1654 1589 1927 1633 saevomque
1960 1578 2106 1620 securi

830 1655 1003 1712 Aspice
1033 1655 1305 1712 Torquatum
1333 1662 1378 1698 et
1405 1655 1675 1701 referentem
1703 1657 1834 1714 signa
1865 1655 2106 1701 Camillum.

495 1737 628 1794 prop.
659 1736 710 1789 3,
743 1735 820 1789 11,
850 1734 906 1779 63
936 1751 1022 1793 δεμ
1623 1721 1629 1734 “

830 1815 1015 1860 Coclitis
1045 1816 1279 1860 abscissos
1308 1823 1498 1860 testatur
1528 1816 1691 1860 semita
1720 1822 1883 1872 pontes

970 1895 1051 1939 Est
1080 1896 1152 1938 cui
1181 1909 1431 1953 cognomen
1460 1909 1673 1953 corvus
1703 1896 1872 1938 habere
1901 1895 2032 1937 dedit.

494 1974 649 2021 Manil.
680 1976 730 2027 4,
759 1974 862 2017 782:
900 1975 957 2017 Et
984 1975 1234 2018 commilitio
1266 1975 1465 2018 volucris
1494 1976 1714 2019 Corvinus
1744 1976 1935 2032 adeptus

276 2065 321 2099 et
358 2069 461 2098 mox
495 2062 599 2111 post
627 2055 930 2098 Fabricium
962 2054 1292 2112 Curiumque
1320 2069 1361 2097 v.
1391 2054 1495 2097 788:

831 2133 1075 2179 Marcellus
1106 2133 1366 2193 Cossusque
1397 2134 1520 2192 prior
1549 2134 1605 2178 de
1631 2147 1741 2191 rege
1768 2140 1947 2177 necato:

494 2238 662 2282 Lucan.
689 2237 742 2292 6,
771 2237 877 2282 7862
907 2238 1145 2282 Decios·
1166 2236 1485 2282 Camillum·
1505 2236 1721 2282 Curios.
1762 2238 1810 2292 7,
1838 2236 1946 2281 358:
1980 2236 2127 2281 Curii
2148 2237 2614 2282 ·Camilli-Decii.
2666 2239 2731 2294 10,

278 2318 382 2362 152:
422 2318 705 2363 Fabricios
737 2317 1086 2376 Curibusque
1118 2330 1331 2374 graves.
1390 2317 1584 2363 Iuvenal.
1613 2317 1707 2363 Sat.
1735 2317 1763 2361 8
1787 2318 1886 2361 init:

831 2398 889 2443 Et
918 2397 1078 2443 Curios
1106 2397 1191 2441 iam
1223 2396 1426 2442 dimidios
1455 2397 1753 2458 humerosque
1781 2398 1994 2443 minorem

836 2478 1076 2524 Corvinum
1107 2488 1151 2523 et
1181 2477 1370 2522 Galbam
1400 2478 1609 2523 auriculis
1637 2493 1841 2535 nasoque
1873 2486 2100 2523 carentem

496 2559 574 2603 Sil.
605 2558 661 2609 3,
688 2558 793 2604 586:

1390 2639 1494 2683 hinc
1523 2639 1597 2682 tibi
1628 2638 1831 2691 Paullus,

833 2718 947 2760 Hinc
974 2718 1140 2762 Fabius
1172 2726 1414 2776 gratusque
1442 2718 1547 2760 mihi
1574 2717 1818 2760 Marcellus
1848 2718 2016 2772 opimis.

502 2820 777 2879 Quamquam
807 2821 923 2864 idem
952 2834 1010 2864 ne
1040 2822 1144 2878 quid
1173 2822 1369 2865 tacuisse
1402 2822 1556 2865 videar
1583 2819 1632 2874 8,
1661 2820 1767 2863 372:

832 2900 912 2943 His
944 2900 1143 2945 Scaurus
1173 2903 1384 2954 monitor,
1412 2909 1565 2945 tenero
1594 2908 1701 2944 tunc
1732 2902 1933 2945 Scaurus
1963 2901 2008 2942 in
2037 2913 2169 2951 aevm

835 2979 926 3023 Sed
955 2980 1043 3023 iam
1072 2981 1202 3040 signa
1232 2982 1366 3026 dabat
1390 2994 1585 3025 nascens
1616 2980 1658 3022 in
1691 2980 1844 3024 secula
1871 2981 2028 3023 virtus,

499 3082 859 3139 Magnificentius
890 3092 1036 3128 autem
1066 3085 1121 3138 5,
1150 3086 1225 3130 77:

833 3166 982 3223 Atque
1011 3166 1084 3210 hic
1116 3167 1325 3224 egregius
1349 3167 1528 3223 linguae
1558 3178 1804 3220 nomenque
1832 3164 2071 3220 superbum

837 3244 1116 3290 Corvinus

499 3322 551 3366 cl.
583 3322 654 3375 13,
679 3323 759 3366 721
793 3339 859 3382 sq.
889 3325 1192 3370 Merobaudes
1221 3341 1260 3369 v⁴
1293 3326 1375 3368 115
1404 3342 1447 3382 p.
1478 3326 1530 3368 18
1560 3327 1628 3369 ed.
1660 3324 1897 3369 Niebuhn:
