3008 3764
1306 102 1687 162 -ιθ-

825 266 974 313 Crede
1007 281 1100 321 non
1134 266 1257 312 illam
1290 267 1368 312 tibi
1404 268 1460 310 de
1497 267 1701 313 scelesta

827 346 966 391 Plebe
1003 345 1233 390 dilectam:
1269 359 1419 403 neque
1455 344 1525 390 sic
1559 344 1740 392 fidelem

825 425 903 470 Sic
937 424 1067 470 lucro
1104 438 1315 470 aversam
1350 423 1558 481 potuisse
1591 426 1722 471 nasci

967 505 1117 548 Matre
1155 505 1382 562 pudenda.

484 585 663 629 Dixeris
698 584 848 642 potius
885 585 1316 643 impudentissimum
1349 584 1632 628 mendacium
1668 584 1818 627 miseri
1839 593 2006 643 poetae
2035 581 2228 640 εἰρωνείᾳ
2255 585 2488 631 infeliciter
2502 588 2740 631 abutentis.

258 665 457 723 Superat
492 675 641 711 autem
675 680 775 709 eum
813 665 1193 725 Dillenburgerus
1236 666 1310 723 qui
1345 679 1562 709 summam
1596 663 1882 709 festivitatem
1922 674 1969 709 et
2009 667 2246 725 malignam
2289 668 2588 712 laudationem
2635 670 2742 711 sub-

259 763 365 791 esse
397 748 678 792 adseverans
715 763 801 791 nos
838 747 975 790 docet
1010 746 1171 802 fidem,
1205 747 1529 804 integritatem,
1562 745 1678 789 lucri
1714 745 2090 803 contemptionem
2125 749 2168 791 in
2198 749 2294 802 ‚hoc
2325 764 2493 808 genere
2512 750 2742 794 rarissima

261 843 382 871 esse.
458 830 574 879 Quid
607 835 758 871 autem
792 828 987 885 ineptius
1020 829 1262 887 cogitando
1283 827 1391 885 fingi
1426 833 1580 885 potest
1616 839 1674 870 eo
1694 827 1891 870 carmine
1923 839 1990 870 exv
2006 826 2169 871 horum
2183 828 2571 888 interpretatione,
2604 844 2740 888 quam

260 909 442 967 longius
478 909 690 967 persequi
736 909 792 952 ab
839 916 998 952 nostro
1035 909 1235 953 instituto
1283 906 1475 951 alienum
1521 905 1622 951 est?
1691 906 1763 951 Ac
1796 907 2043 965 praevideo
2088 905 2189 967 fore
2226 909 2301 964 qui
2332 910 2551 955 clament:
2581 912 2740 955 Nonne

262 988 338 1035 vel
385 988 483 1035 illa:
528 988 744 1047 regium
788 995 951 1033 certe
1003 994 1455 1046 genus-moeret
1508 993 1674 1045 cogent
1716 994 1760 1031 te
1796 987 1855 1031 ad
1903 994 2064 1032 vcastra
2109 988 2475 1033 adversariorum
2520 992 2742 1036 transire?

264 1070 439 1121 Quibus
469 1070 536 1114 sic
571 1069 903 1114 occurrendum
939 1081 1135 1113 censeo:
1172 1066 1421 1121 Xanthias‚
1452 1066 1654 1124 quisquis
1675 1065 1792 1121 suit,
1827 1066 1934 1112 nolo
1962 1068 2269 1119 enimsomnia
2284 1066 2531 1113 istiusmodi
2550 1072 2741 1130 fingere,

264 1151 415 1208 qualia
448 1164 592 1208 nuper
629 1151 685 1193 de
707 1149 913 1206 Telepho
950 1148 1140 1206 aliisque
1171 1148 1380 1206 legimus,
1415 1148 1598 1191 amabat
1634 1160 1816 1191 servam
1852 1148 2094 1204 quandam,
2129 1146 2330 1193 fortasse
2350 1149 2681 1195 Germanorum
2717 1167 2742 1196 e

266 1233 432 1290 stirpe,
468 1232 507 1275 si
541 1245 565 1274 e
602 1230 749 1275 flavae
782 1230 1049 1288 cognomine
1086 1230 1397 1274 coniecturam
1432 1226 1592 1272 facere
1627 1227 1756 1282 licet,
1790 1229 2007 1286 probam,
2036 1228 2271 1286 pudicam,
2303 1229 2555 1275 honestam.
2613 1232 2742 1282 Quae

266 1313 311 1355 in
346 1312 421 1355 illa
455 1325 607 1354 rerum
644 1311 911 1354 condicione
942 1308 1074 1353 facile
1112 1309 1211 1353 fieri
1243 1309 1387 1366 potuit
1424 1316 1474 1351 ut
1508 1322 1681 1352 summo
1717 1321 1888 1365 genere
1921 1308 2111 1351 oriunda
2159 1317 2204 1352 et
2238 1308 2463 1355 Xanthiae
2497 1324 2652 1354 amore
2680 1313 2741 1354 di—

268 1391 480 1448 gnissima
514 1397 654 1435 esset.
728 1389 862 1434 Certe
901 1388 1087 1434 Sueton.
1108 1389 1218 1433 Ner.
1246 1387 1325 1433 28:
1361 1387 1542 1441 „Acten
1577 1386 1783 1432 libertam
1816 1385 2018 1444 paullum
2053 1386 2161 1432 afuit
2192 1390 2296 1445 quin
2324 1390 2442 1434 iusto
2470 1392 2743 1435 matrimonio

269 1471 353 1516 sibi
389 1471 685 1529 coniungeret
720 1469 969 1515 summissis
1007 1468 1326 1514 consularibus
1367 1467 1475 1513 viris
1506 1467 1578 1524 qui
1610 1466 1773 1525 regio
1810 1481 2022 1525 genere
2053 1476 2197 1512 ortam
2235 1469 2538 1526 peierarent.“
2575 1472 2650 1514 nbi
2686 1471 2744 1515 cl.

268 1552 580 1596 But-mannum.
637 1551 740 1600 Quo
776 1551 820 1593 in
859 1564 1027 1608 genere
1052 1550 1160 1594 licet
1194 1550 1329 1593 multa
1366 1549 1600 1592 mendacia
1633 1549 1799 1592 iactata
1833 1549 1923 1592 sint
1952 1544 2061 1611 („et
2097 1564 2184 1607 ego
2219 1551 2341 1607 regis
2379 1550 2529 1595 filius“
2566 1554 2627 1595 ait
2661 1553 2746 1595 iste

269 1632 499 1676 libertinus
530 1632 650 1689 apud
685 1631 869 1674 Petron.
901 1644 941 1674 c.
969 1624 1048 1692 57)
1089 1630 1263 1674 Romae
1301 1630 1486 1687 saepius
1517 1644 1604 1674 usu
1638 1630 1793 1674 venire
1830 1631 2098 1688 oportebat,
2128 1638 2177 1674 ut
2211 1630 2392 1688 puellae
2423 1632 2540 1675 domi
2570 1634 2744 1677 nobiles

271 1720 348 1755 aut
383 1710 567 1755 avaritia
602 1718 839 1769 parentum
875 1718 951 1754 aut
991 1711 1037 1755 vi
1083 1709 1281 1767 doloque
1317 1718 1477 1768 raptae
1520 1710 1695 1755 Romae
1731 1717 1993 1769 prostarent
2027 1710 2232 1756 venales.
2286 1737 2338 1743 —
2389 1712 2668 1756 Contrariam
2704 1714 2746 1756 in

275 1801 447 1850 partem
481 1793 667 1836 astricta
703 1792 830 1835 nimis
878 1798 923 1834 et
964 1792 1100 1835 anxia
1134 1792 1505 1849 interpretatione
1541 1798 1709 1849 peccat
1743 1789 2073 1848 Peerlkampus
2109 1791 2170 1834 ita
2201 1799 2376 1846 tamen,
2421 1800 2468 1836 ut
2508 1794 2638 1836 etiam
2673 1794 2747 1837 ubi

272 1882 393 1916 errat
422 1876 478 1916 ab
514 1888 569 1916 eo
606 1874 783 1916 discere
813 1872 963 1916 liceat.
1035 1873 1137 1922 Quo
1157 1874 1201 1915 in
1232 1886 1400 1930 genere
1437 1871 1646 1929 exempla
1679 1870 1896 1915 nonnulla
1916 1874 2374 1916 commemorabimus.
2410 1874 2601 1916 Primum
2632 1876 2746 1917 enim

274 1953 458 1998 calidius
493 1955 606 2011 egit,
636 1967 693 1996 ea
729 1953 1058 2010 pronuntiando
1096 1967 1211 2008 quae
1251 1954 1290 1996 si
1327 1966 1439 1995 vera
1476 1960 1634 1996 essent
1666 1965 1725 1995 ne
1762 1953 1904 1996 Taciti
1941 1953 2117 2008 quidem
2145 1954 2342 1997 brevitas
2379 1953 2667 1997 satisfaceret
2704 1963 2749 1998 et

271 2035 468 2077 atrocius
500 2048 633 2089 quam
665 2034 817 2077 Cortio
855 2034 1080 2088 quondam
1105 2034 1149 2074 in
1170 2032 1450 2084 Sallustium,
1486 2034 1616 2075 nobis
1650 2034 1693 2074 in
1731 2033 1939 2087 antiquos
1965 2040 2132 2088 poetas
2158 2035 2454 2089 grassandum
2489 2045 2628 2077 esset.
2670 2034 2747 2077 Sic

275 2116 387 2157 enim
422 2115 492 2156 illc
531 2132 574 2170 p.
602 2114 679 2156 87:
724 2113 991 2169 Equidem
1026 2111 1319 2154 Horatium
1350 2128 1462 2155 non
1499 2128 1757 2169 agnosco
1794 2114 1905 2155 nisi
1933 2114 1987 2154 in
2021 2113 2144 2155 illis
2178 2115 2396 2171 ingenii
2432 2130 2748 2157 monumen-

274 2195 373 2247 tis,
404 2209 546 2250 quae
581 2202 685 2236 tam
721 2201 856 2249 apta
892 2201 946 2235 et
981 2193 1226 2235 rotunda
1255 2202 1410 2246 sunt,
1446 2202 1505 2235 ut
1540 2193 1682 2235 nihil
1716 2195 1944 2235 demere
1979 2194 2178 2249 possis
2225 2196 2353 2250 quin
2395 2196 2747 2252 elegantiam

274 2274 505 2319 minuas.
578 2275 731 2332 ltaque
768 2273 1020 2317 offenderet
1049 2287 1247 2317 necesse
1280 2281 1378 2317 erat
1411 2274 1456 2317 in
1492 2273 1561 2318 his
1593 2273 1706 2328 C.l,
1741 2273 1816 2316 12:
1857 2273 2014 2316 Unde
2049 2273 2309 2318 vocalem
2344 2283 2562 2320 temere
2590 2277 2746 2322 inse-

277 2363 440 2399 cutae
473 2355 702 2413 Orphea
740 2354 927 2398 silvae
970 2352 1236 2397 blandum
1275 2362 1330 2397 et
1369 2356 1592 2399 auritas
1629 2354 1842 2407 fidibus
1880 2354 2112 2398 canoris
2150 2354 2379 2399 Ducere
2419 2370 2667 2414 quercus
2705 2367 2749 2403 et

276 2437 319 2479 in
340 2436 483 2493 Epod.
502 2438 541 2478 2
579 2433 996 2492 aquae-fontes
1027 2434 1102 2477 ubi
1130 2434 1218 2477 iam
1253 2434 1512 2479 Markland.
1552 2436 1746 2479 coniecit
1773 2434 2027 2479 frondes.
2076 2435 2192 2485 Quid
2224 2437 2339 2480 enim
2370 2450 2615 2492 quercus
2645 2448 2752 2496 post

278 2515 491 2560 silvas?
554 2515 671 2565 Quid
703 2522 851 2558 autem
886 2513 1103 2558 faciemus
1142 2513 1343 2573 Vergilio
1380 2515 1493 2558 Buc.
1523 2516 1574 2569 2,
1602 2516 1682 2558 46:
1723 2516 1877 2559 Ecce
1917 2514 2111 2558 serunt
2145 2515 2434 2573 Nymphae
2475 2518 2748 2571 calathis3

277 2597 380 2648 tibi
417 2597 659 2639 candida
691 2595 859 2640 Nais?
928 2595 1090 2639 Nonne
1125 2596 1235 2640 Nais
1272 2610 1453 2654 quoque
1484 2609 1777 2655 supervacua
1805 2596 1982 2640 videtur
2012 2595 2308 2653 nympharum
2344 2597 2566 2641 mentione
2599 2597 2754 2644 facta?

278 2678 396 2728 Quid
419 2684 565 2720 autem
591 2676 813 2730 crebrius,
835 2686 970 2733 quam
995 2688 1140 2734 genus
1162 2677 1292 2733 sequi
1312 2677 1513 2734 speciem
1533 2676 1608 2722 vel
1625 2676 1758 2721 dividi
1780 2675 2046 2721 sententiam
2062 2676 2106 2720 in
2124 2684 2299 2735 partes,
2324 2675 2379 2719 de
2400 2691 2488 2733 quo
2509 2679 2751 2735 praeclare

275 2757 445 2802 monuit
475 2756 696 2801 Dissenus
734 2757 792 2799 ad
826 2754 1046 2800 Tibullum
1077 2771 1122 2813 p.
1159 2755 1305 2800 CXIX
1331 2756 1433 2814 sq.‘?
1485 2757 1584 2801 Nec
1627 2756 1725 2800 fieri
1764 2755 1935 2814 potuit,
1979 2764 2028 2800 ut
2070 2756 2113 2800 in
2153 2755 2243 2800 hac
2286 2754 2389 2814 lege
2436 2760 2630 2803 tenenda
2666 2762 2749 2805 sibi

278 2846 497 2882 constans
528 2846 651 2882 esset
678 2838 746 2881 vir
776 2836 1088 2890 doctissimus,
1128 2851 1258 2893 quem
1281 2839 1435 2894 mirum
1470 2846 1541 2881 est
1570 2839 1683 2881 duas
1719 2839 2054 2894 subsequentes
2080 2838 2442 2895 comparationes
2472 2854 2563 2883 non
2593 2856 2751 2899 repre·

278 2919 493 2963 hendisse
533 2918 581 2961 C.
609 2919 653 2970 4,
686 2919 728 2962 4.
776 2919 1015 2975 Ipsumque
1046 2917 1295 2961 Bentleium
1331 2918 1515 2961 offendit
1541 2919 1586 2961 in
1615 2917 1663 2960 S.
1699 2918 1739 2971 l,
1773 2918 1825 2971 4,
1863 2917 1966 2960 110:

840 2996 1004 3041 Nonne
1039 2997 1169 3041 vides
1205 2998 1308 3042 Albi
1342 3006 1391 3042 ut
1424 2998 1541 3042 male
1574 3000 1697 3044 vivat
1730 2998 1848 3043 filius
1885 3006 2020 3055 atque

841 3078 987 3120 Barus
1024 3076 1157 3132 inops

285 3158 447 3215 duplex
487 3158 608 3214 quod
638 3157 917 3214 propositum
949 3164 1020 3201 est
1051 3156 1305 3213 exemplum
1341 3158 1609 3215 decepitque
1642 3160 1759 3203 adeo
1798 3159 1995 3202 mutandi
2032 3157 2192 3212 libido,
2236 3168 2285 3203 ut
2325 3161 2395 3204 vir
2439 3163 2481 3204 in
2516 3169 2752 3218 poetarum

280 3239 472 3282 lectione
520 3238 858 3282 versatissimus
915 3239 1066 3281 dicere
1114 3251 1204 3280 non
1255 3238 1554 3292 dubitaverit,
1597 3239 1769 3282 rectius
1809 3238 2055 3295 scripsisse
2102 3238 2332 3283 Horatium
2369 3241 2414 3283 in
2459 3241 2750 3295 sequentibus

282 3333 484 3376 magna
523 3320 862 3361 documenta
906 3335 951 3373 p.
995 3332 1248 3375 magnum
1296 3319 1701 3362 documentum.
1775 3319 2160 3368 Quemadmodum
2197 3327 2371 3372 autem,
2416 3326 2464 3361 ut
2505 3320 2562 3361 ad
2596 3320 2751 3364 Peerl-

283 3401 494 3457 kampum
530 3408 833 3451 revertamur,
866 3406 993 3441 extra
1016 3399 1225 3442 terminos
1248 3401 1435 3457 evagari
1467 3407 1511 3443 et
1534 3401 1579 3443 in
1596 3400 1873 3458 'repetitione
1899 3400 2098 3444 eiusdem
2128 3400 2380 3444 sententiae
2398 3399 2553 3444 ludere
2573 3411 2753 3460 poetam
