3008 3764
1359 145 1684 204 —2-

275 305 394 356 Quid
423 305 535 349 enim
568 302 775 347 blandius
805 307 863 348 ad
897 304 1166 348 audiendum
1193 304 1382 348 inveniri
1412 305 1580 361 potuit,
1626 318 1762 363 quam
1791 306 1987 350 rusticae
2025 306 2142 349 vitae
2171 305 2362 350 intonsis
2392 306 2607 371 Cethegis
2636 324 2761 361 tanto

277 398 415 441 opere
452 383 692 427 adamatae
731 384 964 440 ipsiusque
1000 382 1154 425 ltaliae
1189 382 1375 434 laudes,
1412 383 1585 426 etiamsi
1620 383 1738 426 ultra
1777 386 1957 429 modum
1989 386 2136 430 elatae
2163 386 2306 445 videri
2342 393 2585 442 poterant?
2644 397 2762 446 Quid

278 478 410 506 aures
438 463 685 518 potentium
717 462 886 519 pariter
915 475 972 504 ac
999 460 1267 517 pullatorum
1298 460 1529 504 efficacius
1559 461 1755 505 mulcere
1785 476 1918 519 quam
1936 467 2154 510 memoria
2173 465 2406 510 illustrium
2420 467 2615 522 gentium
2632 472 2759 518 ficta-

277 557 461 600 rumque
506 543 669 599 quibus
709 542 946 598 superbire
992 541 1201 585 solebant
1244 541 1464 598 originum
1508 549 1552 584 et
1593 542 1840 598 praeconia
1876 543 2031 599 populi
2065 547 2207 603 togati
2240 561 2391 591 rerum
2419 547 2624 591 dominos
2654 563 2760 596 sese

275 624 483 667 habentis
513 630 590 667 aut
618 622 775 665 haberi
812 621 1064 677 cupientis?
1121 621 1194 664 An
1228 622 1484 678 putabimus
1513 620 1746 665 Horatium
1777 622 1876 678 pari
1917 623 2052 666 modo
2082 623 2310 680 placuisse
2340 626 2624 680 multitudini,
2657 628 2760 671 dum

274 705 379 747 vitia
407 703 685 760 singulorum
713 701 1006 745 vehementer
1037 701 1251 757 exagitat,
1291 702 1524 745 avaritiam
1561 710 1606 745 et
1631 700 1876 754 luxuriam,
1914 717 2031 759 quae
2059 717 2231 762 aerugo
2269 706 2443 750 animos
2471 706 2759 763 plurimorum

274 785 452 836 imbuit,
496 785 695 840 graviter
727 784 955 837 increpat,
1002 783 1136 824 etiam
1171 781 1247 824 ubi
1279 781 1490 836 desipere
1533 795 1803 825 concessum
1841 781 2040 834 videtur,
2086 785 2428 840 temperantiam
2464 787 2758 841 commendat,

275 863 584 920 aequalesque
626 877 736 906 suos
778 861 982 917 patribus
1023 862 1269 917 nequiores
1312 868 1356 904 et
1397 875 1500 904 mox
1545 861 1732 904 daturos
1776 861 2040 919 progeniem
2067 862 2345 908 vitiosiorem
2374 867 2605 917 admonet,
2640 865 2758 911 nullo

276 952 481 1001 tempore
530 957 619 986 non
660 950 708 986 ut
753 955 937 998 operam
972 940 1180 997 gnaviter
1216 940 1322 983 dent
1353 939 1578 997 cupidinis
1606 940 1837 984 radicibus
1870 941 2113 985 eradendis
2148 943 2437 1001 moribusque
2468 948 2759 992 emendandis

275 1039 394 1083 quae
424 1024 523 1069 sola
553 1024 776 1068 hominem
806 1023 986 1065 beatum
1015 1021 1173 1065 facere
1214 1028 1259 1064 et
1289 1034 1478 1065 servare
1508 1020 1714 1078 possint?
1773 1020 1948 1064 Deinde
1982 1028 2030 1064 ut
2060 1022 2104 1065 in
2134 1021 2334 1081 Vergilio
2364 1023 2579 1083 pleraque
2611 1029 2760 1072 dome-

276 1107 396 1149 stica
425 1113 470 1148 et
499 1104 757 1161 popularia,
786 1103 847 1146 ita
877 1103 922 1145 in
953 1102 1140 1145 Horatio
1171 1100 1309 1144 multa
1338 1102 1639 1145 transmarina
1667 1109 1711 1145 et
1725 1102 1904 1156 Graeco
1932 1100 2059 1144 fonte
2090 1102 2286 1147 deducta
2315 1113 2359 1148 et
2373 1105 2599 1163 Hymettio
2629 1113 2761 1157 melle

276 1186 438 1237 oblita,
467 1193 516 1228 ut
541 1184 675 1228 facile
707 1198 807 1226 eum
836 1188 1058 1239 appareat
1086 1196 1175 1225 non
1205 1181 1351 1239 magis
1380 1182 1424 1224 in
1454 1181 1584 1225 Ennii
1614 1189 1661 1225 et
1685 1182 1884 1225 Lucretii
1911 1183 2118 1226 sacrario
2149 1197 2281 1241 quam
2316 1186 2361 1229 in
2401 1187 2638 1234 Menandri
2674 1192 2759 1236 Ar.

277 1266 563 1323 chilochique
593 1264 717 1306 libris
747 1271 793 1306 et
819 1263 1088 1306 Socraticae
1116 1260 1302 1304 scholae
1338 1262 1497 1318 spatiis
1546 1269 1591 1305 et
1623 1261 1891 1306 Lesbiorum
1923 1270 2157 1319 poetarum
2201 1263 2318 1307 lucis
2359 1265 2576 1311 habitare.
2632 1269 2762 1313 Haec

277 1354 426 1388 autem
458 1359 572 1402 quae
605 1344 769 1387 cecinit
800 1358 888 1387 non
923 1352 1027 1385 ante
1057 1343 1266 1400 vulgatas
1298 1355 1383 1397 per
1411 1348 1562 1394 artes,
1599 1342 1716 1384 inter
1748 1342 1890 1398 lyrica
1918 1342 2126 1386 Romana
2158 1343 2307 1386 solum
2335 1345 2470 1402 digna
2504 1361 2608 1391 esse
2644 1363 2761 1406 quae

275 1424 485 1483 legantur
517 1433 675 1468 auctor
700 1431 770 1468 est
799 1423 1124 1475 Quintilianus,
1156 1435 1422 1480 quamquam
1453 1422 1497 1464 in
1519 1422 1725 1466 omnibus
1753 1436 1855 1466 eum
1883 1422 2170 1479 interpretari
2197 1437 2289 1467 non
2328 1425 2433 1469 vult.
2492 1427 2585 1471 Iam
2616 1429 2656 1471 si
2684 1443 2761 1472 ce-

250 1503 363 1549 ''teri
408 1505 533 1562 lyrici
576 1513 698 1549 tanto
743 1504 981 1549 intervallo
1031 1504 1087 1546 ab
1134 1502 1322 1546 Horatio
1370 1503 1553 1558 absunt,
1600 1510 1811 1561 quantum
1851 1502 2152 1553 Quintilianus
2192 1505 2366 1558 statuit,
2425 1506 2552 1551 cuius
2596 1509 2760 1553 iudicio

247 1571 250 1595 ²
279 1594 404 1628 certe
435 1600 522 1628 non
554 1587 855 1630 adversantur
885 1598 1002 1642 quae
1034 1584 1257 1634 Pentadii,
1290 1582 1491 1626 Vestritii
1511 1582 1786 1639 Spurinnae,
1817 1581 2004 1626 aliorum
2031 1583 2210 1626 nomine
2242 1584 2390 1640 lyrica
2417 1584 2638 1640 feruntur,
2669 1588 2761 1630 imi-

245 1650 247 1653 ἵ
278 1667 491 1710 tationem
520 1681 576 1709 ne
605 1667 752 1709 dicam
782 1664 1127 1708 aemulationem
1165 1665 1284 1714 eius,
1313 1667 1401 1706 nec
1431 1660 1608 1707 felicem
1641 1677 1728 1718 nec
1758 1664 2012 1720 quodinde
2032 1665 2257 1709 coniicere
2285 1664 2393 1719 licet
2413 1666 2532 1710 adeo
2547 1666 2760 1724 frequen-

276 1754 365 1802 tem
394 1746 533 1790 fuisse
563 1754 772 1803 apparet,
832 1744 1085 1788 Ac¹=mirari
1114 1743 1258 1795 subit,
1294 1757 1375 1786 cur
1417 1742 1446 1786 ii
1468 1742 1558 1799 qui
1585 1749 1708 1788 tanto
1738 1757 1969 1789 successu1
1984 1744 2160 1789 Horatii
2192 1745 2393 1790 carmina
2422 1745 2759 1803 interpolarent,

276 1839 326 1869 ut
352 1842 433 1883 per
462 1835 526 1870 tot
555 1826 712 1870 secula
746 1824 956 1869 fallerent
985 1826 1129 1867 aciem
1160 1823 1522 1867 doctissimorum
1539 1824 1757 1876 virorum,
1788 1824 2060 1869 carminibus
2084 1841 2168 1869 suo
2198 1826 2399 1882 ipsorum
2422 1826 2600 1871 nominc
2623 1828 2759 1871 eden-

277 1906 346 1948 dis
376 1905 540 1947 famam
568 1920 624 1948 ac
653 1905 841 1963 gloriam
872 1905 1091 1961 consequi
1120 1903 1358 1946 noluerint.
1416 1903 1530 1947 Nam
1559 1917 1826 1961 quamquam
1855 1905 1953 1960 ipse
1981 1907 2182 1949 carmina
2211 1906 2332 1950 haud
2360 1908 2530 1950 intacta
2558 1908 2759 1964 interpo-

274 1985 467 2028 latorum
498 1999 628 2027 manu
660 1999 766 2027 esse
797 1985 1001 2026 existimo
1034 1983 1326 2039 pluribusque
1363 1982 1529 2025 docere
1567 1977 1759 2025 conatus
1795 1996 1894 2025 sum
1923 1984 1966 2026 in
1997 1984 2227 2027 Horatian.
2257 2000 2299 2040 p.
2326 1984 2367 2029 3.
2396 1986 2457 2029 4.:
2500 1994 2650 2028 tamen
2682 1988 2758 2029 du-

277 2065 407 2106 bitari
438 2065 609 2121 nequit,
647 2065 750 2121 quin
784 2063 906 2106 multi
953 2077 980 2105 a
1011 2062 1310 2117 Peerlkampo
1339 2062 1479 2105 notati
1509 2075 1673 2104 versus
1703 2063 1765 2104 ita
1795 2063 1992 2107 bonitate
2023 2073 2241 2120 superent
2271 2064 2485 2122 pleraque
2515 2067 2663 2109 omnia
2690 2068 2757 2123 ly-

276 2145 400 2186 ricae
431 2145 582 2200 poesis
610 2144 868 2195 Romanae,
907 2151 953 2185 ut
993 2143 1030 2185 si
1074 2156 1163 2185 non
1205 2142 1456 2198 proximum
1494 2125 1617 2198 apud
1648 2141 1879 2186 Horatium
1909 2143 2085 2196 locum,
2124 2153 2247 2187 certe
2281 2146 2529 2189 secundum
2555 2147 2757 2190 obtinere

276 2224 494 2267 debeants
540 2224 673 2275 Quod
703 2231 854 2267 autem
883 2224 942 2266 ad
972 2223 1146 2282 reliqua
1176 2223 1273 2266 eius
1303 2235 1445 2279 opera
1473 2222 1656 2275 attinet,
1684 2222 1933 2284 Sermones
1962 2225 2052 2281 (sic
2077 2225 2193 2268 enim
2208 2233 2469 2269 constanter
2482 2227 2757 2280 Priscianus,

272 2318 493 2361 nusquam
524 2305 699 2348 Satiras
727 2312 772 2347 et
800 2317 927 2348 recte
957 2305 1156 2361 quidem,
1196 2312 1243 2346 ut
1279 2304 1396 2347 idem
1433 2316 1617 2359 semper
1646 2302 1887 2355 Bucolica,
1931 2318 2020 2348 non
2051 2304 2250 2363 Eclogas
2286 2316 2331 2349 et
2367 2308 2619 2351 invectivas
2656 2321 2757 2351 ora-

273 2386 445 2441 tiones,
472 2384 881 2443 nonCatilinarias)
914 2385 1097 2452 Regsius
1125 2385 1302 2442 quidem
1322 2384 1526 2430 studiose
1556 2383 1753 2428 imitatus
1783 2391 1875 2437 est,
1905 2398 2010 2428 mox
2040 2394 2188 2429 autem
2219 2387 2441 2431 Iuvenalis
2470 2386 2589 2431 aliud
2613 2402 2757 2446 genus

273 2467 467 2518 invenit,
508 2474 727 2523 perpetua
766 2453 1069 2510 recentiorum
1102 2449 1347 2510 imitatiffne
1377 2464 1668 2509 celebratum.
1737 2464 1837 2508 Nec
1878 2465 1953 2509 diu
1991 2468 2215 2510 mansisse
2258 2468 2463 2511 videntur
2498 2469 2668 2525 scripta
2699 2470 2756 2512 de

272 2547 487 2604 personis
514 2546 792 2607 Horatianis,
820 2561 954 2604 quum
986 2547 1054 2590 bis
1090 2553 1217 2590 terve
1246 2553 1417 2590 tantum
1445 2546 1490 2588 in
1518 2543 1705 2588 scholiis
1733 2558 1850 2602 quae
1880 2553 2047 2590 extant·
2067 2529 2494 2601 commemoffntur,
2523 2529 2755 2605 quaesati-

272 2638 361 2671 tem
392 2635 635 2683 praeterea
661 2628 704 2670 in
734 2609 878 2670 isdem
908 2627 1134 2678 feruntur,
1163 2627 1324 2683 paucis
1354 2626 1560 2682 exceptis
1590 2641 1647 2669 ex
1674 2627 1774 2681 ipso
1805 2634 1931 2670 textu
1958 2634 2137 2682 sumpta
2167 2629 2281 2679 sint,
2320 2629 2404 2671 etsi
2443 2628 2661 2672 interdum
2689 2643 2758 2672 re-

273 2709 540 2752 conditioris
571 2708 804 2750 doctrinae
833 2709 1036 2764 speciem
1068 2721 1181 2764 prae
1210 2721 1263 2749 se
1297 2706 1420 2749 ferre
1449 2707 1668 2749 videntur.
1728 2705 1961 2762 Epistolae
1990 2715 2163 2758 autem,
2202 2721 2470 2763 quamquam
2493 2707 2757 2762 ‚diligentius

272 2790 568 2833 Sermonibus
595 2788 741 2832 lectae
772 2803 878 2832 esse
904 2789 1135 2843 videntur„
1165 2801 1252 2845 qua
1275 2801 1327 2831 re
1359 2787 1530 2830 factum
1561 2794 1632 2830 est
1660 2795 1716 2831 ut·
1740 2787 2050 2843 corruptiores
2083 2786 2152 2831 his
2180 2788 2224 2831 in
2255 2789 2424 2831 nostris
2455 2788 2580 2831 libris
2609 2787 2757 2832 seran-

272 2878 362 2922 tur,
395 2871 728 2913 cordatioribus
757 2869 1012 2911 hominibus
1039 2870 1218 2927 quidem
1247 2871 1468 2925 probatae
1499 2878 1630 2910 erant
1656 2869 1812 2911 mirum
1842 2877 2075 2925 quantum3
2105 2869 2269 2924 vulgus
2295 2877 2445 2911 autem
2463 2883 2552 2911 non
2581 2877 2629 2911 ut
2646 2869 2755 2912 Ver·

271 2951 357 3007 gilii
387 2965 533 3007 opera
563 2949 747 2992 allicere
776 2958 1028 3007 potuerunt.
1087 2950 1292 3006 Epistola
1325 2950 1515 3006 denique
1554 2950 1611 2991 ad
1649 2950 1863 2999 Pisones,
1912 2956 2084 2991 mature
2124 2963 2206 3003 pro
2245 2956 2342 2990 arte
2383 2950 2564 3003 poetica
2599 2949 2757 2993 haberi

272 3041 454 3088 coepta,
482 3033 526 3074 in
558 3030 732 3075 scholis
763 3032 944 3074 assidue
972 3031 1177 3073 lectitata
1207 3039 1253 3073 et
1280 3030 1509 3087 explicata
1537 3038 1582 3072 et
1612 3030 1944 3072 commentariis
1974 3030 2195 3072 instructa
2224 3037 2319 3080 est,
2349 3031 2467 3072 unde
2485 3030 2650 3073 cultum
2665 3031 2756 3072 hoc

272 3126 432 3169 poema
461 3121 506 3155 et
536 3113 580 3155 in
610 3126 700 3169 quo
730 3114 879 3155 omnia
907 3112 1077 3155 niteant
1106 3118 1172 3154 tot
1200 3111 1363 3154 sordes
1393 3117 1437 3153 et
1466 3109 1629 3153 foedas
1659 3108 1945 3165 corruptelas
1982 3110 2117 3151 traxit
2154 3117 2261 3165 quot
2294 3108 2458 3152 nullum
2484 3109 2603 3152 aliud
2640 3123 2756 3166 opus

271 3192 486 3237 Venusini
515 3193 657 3237 vatis».

493 3274 758 3321 Accedebat
789 3279 939 3316 autem
967 3272 1085 3317 aliud
1117 3273 1248 3332 quid,
1279 3285 1308 3315 a
1337 3272 1515 3315 nemine
1543 3271 1646 3314 dum
1676 3271 1967 3315 observatum
1996 3270 2116 3328 quod
2130 3269 2375 3328 Vergilium
2394 3270 2647 3328 gratioremv
2665 3269 2752 3315 sal·

269 3363 356 3398 tem
390 3355 510 3411 apud
540 3362 752 3411 posteros
784 3366 918 3412 quam
944 3352 1175 3397 Horatium
1207 3353 1434 3397 redderet.
1493 3351 1623 3396 Solet
1652 3351 1773 3409 apud
1803 3351 2020 3396 cultiores
2049 3351 2245 3409 populos
2279 3351 2396 3403 fieri,
2430 3357 2478 3392 ut
2516 3351 2589 3407 qui
2624 3351 2753 3407 primi

269 3435 531 3480 eruditionis
566 3442 610 3479 et
643 3435 889 3480 litterarum
924 3433 1096 3478 semina
1132 3435 1248 3480 inter
1288 3431 1535 3492 populares
1572 3446 1683 3478 suos
1712 3439 1953 3491 spargant,
2000 3445 2057 3477 ex
2100 3430 2379 3477 meridionali
2424 3431 2614 3488 patriae?
2638 3445 2752 3477 suae
