3008 3764
268 261 455 305 vocari
483 274 576 305 seu
615 267 668 305 te
708 260 926 317 penitus
963 253 1388 309 1·unonem‚;quod
1420 267 1479 297 ex
1507 253 1571 299 C..
1592 253 1700 297 Sec.
1729 254 1781 296 15
1811 261 1855 297 et
1884 253 1934 298 C.
1974 255 2019 310 1,
2047 254 2127 307 21,
2154 252 2193 298 3.
2220 253 2261 299 4.
2291 254 2533 300 conflatum
2563 263 2647 300 est.
2680 282 2731 288 —

267 343 686 394 Prisciani„zcuius
714 339 939 395 optimus*
968 333 1044 377 vel
1080 333 1197 377 inter
1235 334 1429 389 optimos
1465 334 1702 381 habendus
1742 334 1856 378 liber
1894 334 2291 392 Heidelbergensis
2327 350 2416 379 non
2451 335 2585 380 multo
2629 345 2734 380 ante

267 424 460 479 scriptus
488 431 721 479 est-quam
743 416 964 461 Mummii
989 415 1198 458 recensio
1227 413 1353 457 facta
1388 416 1447 458 sit
1482 416 1512 458 i.
1545 430 1582 458 e.
1611 430 1741 459 anno-
1760 415 1846 458 527
1881 424 1929 459 ut
1971 431 2028 460 ex
2066 416 2400 473 subscriptione
2442 416 2538 460 libri
2582 418 2734 462 octavi

267 504 532 561 apparet*-),
560 496 939 560 praestantissimi
970 495 1165 537 codices
1183 508 1327 550 saepe
1356 498 1641 539 consentiunt
1679 510 1781 538 cum
1825 497 2001 551 optimis
2041 498 2213 553 Horatii
2243 497 2368 540 libris
2398 505 2445 539 ut
2474 498 2557 548 XI,
2589 497 2636 549 8,
2674 476 2733 541 34

263 584 428 627 vertit
455 582 538 638 Ep.
568 580 618 632 2,
655 577 715 620 50
741 573 1163 632 Heidelbergensis3
1198 572 1397 616 vitabit
1435 573 1504 627 (in
1540 582 1666 617 textu
1699 577 1939 632 vitabat)
1976 576 2091 619 idem
2122 593 2163 634 p.
2192 575 2280 619 338
2311 577 2384 622 ed.
2418 577 2499 619 Kr.
2528 578 2570 619 in
2600 577 2653 619 E.
2690 578 2729 630 l,

266 664 342 716 17,
370 661 426 704 30
453 669 499 704 et
526 658 713 703 veniat
740 657 804 707 (in
833 661 958 699 textu
989 654 1239 710 veniant)
1270 653 1324 696 X·
1343 669 1385 709 p.
1415 652 1499 696 473
1531 655 1576 698 in
1607 655 1656 699 S.
1684 656 1731 708 1,
1759 655 1800 698 8.
1830 655 1901 699 38.
1959 656 2161 714 Denique
2197 657 2390 715 plures
2433 672 2521 700 non
2558 656 2730 714 pluris

265 742 382 785 idem
410 741 493 784 vll
522 755 568 796 p.
588 736 756 781 314ἰῐι
783 735 837 779 Ε.
869 736 916 787 l,
947 732 1023 787 15,
1054 733 1124 778 22.
1186 734 1320 784 Quod
1361 732 1561 791 plerique
1598 743 1644 779 et
1681 735 1832 792 optimi
1862 734 1960 779 libri
1992 736 2211 781 Prisciani
2247 736 2416 781 habent
2444 735 2494 780 C.
2524 736 2571 789 3,
2601 737 2679 791 25,
2703 737 2730 781 2

268 833 573 880 quosufagar
608 826 663 863 et
702 831 848 877 quos
886 831 928 873 p.
970 823 1062 858 aut
1098 829 1231 874 quos
1271 814 1514 879 Vergiliani
1552 816 1745 873 exempli
1770 800 2048 860 ⁶auctoritate
2078 819 2347 876 improbavit
2377 818 2631 869 Bentleius,
2659 820 2730 861 cui

267 902 382 949 addo
415 899 644 947 Claudian.
671 898 717 944 in
743 897 933 953 Eutrop.
966 894 1134 953 2prol.
1160 894 1238 938 33:
1276 902 1460 943 terr-as
1489 902 1579 937 aut
1610 907 1763 953 quem
1796 896 2151 938 transibis‘in
2182 910 2350 943 axem.
2410 898 2458 938 ln
2488 897 2516 939 l.
2544 898 2629 947 Vl,
2662 899 2728 950 16,

266 981 339 1026 84:
374 981 620 1036 „Horatius
647 980 692 1023 in
721 979 761 1021 II
791 975 1067 1019 Carminum:
1098 976 1475 1023 Testis-mearum
1504 975 1783 1019 centimanus
1815 975 1956 1031 Gigas
1987 978 2345 1019 sententiarum“
2382 980 2477 1031 (est
2502 985 2649 1019 autem
2681 977 2729 1020 C.

264 1062 314 1116 3,
341 1064 391 1117 4,
418 1062 477 1106 69
509 1060 748 1105 confusum
777 1070 884 1100 cum>
906 1056 960 1109 2,
996 1056 1071 1113 17,
1099 1056 1186 1111 14)
1224 1056 1411 1099 codices
1444 1055 1663 1100 Prisciani
1689 1054 1955 1112 Horatiique
1996 1057 2040 1098 in
2072 1056 2240 1113 Gigas
2269 1058 2576 1109 consentiunt,
2616 1071 2730 1114 quae

262 1143 394 1187 lectio
419 1157 541 1187 nunc
569 1137 840 1184 coniecturis
868 1137 1020 1181 cessit.
1078 1137 1177 1181 Nec
1205 1136 1465 1193 displiceret
1481 1135 1644 1189 XV,5,
1673 1134 1730 1179 28
1755 1135 1975 1179 Prisciani
2005 1136 2152 1188 „Olim
2180 1147 2363 1180 truncus
2397 1145 2512 1180 erat
2538 1136 2731 1180 ficulnus

263 1224 332 1280 (S.
365 1223 404 1279 1,
435 1221 500 1278 8.)
530 1218 571 1263 si
596 1217 688 1274 legi
717 1224 876 1274 posset
905 1215 1161 1261 Truncus
1196 1221 1314 1259 erat
1340 1214 1475 1261 olim.
1534 1215 1706 1260 Contra
1733 1230 1843 1260 vero
1878 1216 2059 1272 Argeo
2091 1216 2140 1260 C.
2171 1217 2217 1268 2,
2244 1217 2285 1270 6,
2317 1218 2344 1259 5
2374 1217 2555 1260 dubium
2588 1217 2730 1259 videri

260 1311 413 1361 potest
440 1314 544 1343 num
576 1298 792 1343 Prisciani
822 1297 1087 1341 auctoritate
1111 1296 1224 1341 satis
1255 1295 1540 1350 defendatur,
1572 1298 1648 1355 qui
1675 1298 1720 1341 in
1751 1298 1895 1342 Statio
1926 1296 2034 1355 legit
2066 1297 2251 1354 Argio,
2285 1298 2613 1342 vetustissimus
2648 1310 2729 1339 au—

259 1393 350 1427 tem
378 1380 641 1424 Blandinius
668 1379 805 1422 habet
834 1377 1056 1436 Argivo.
1112 1378 1212 1421 Nec
1256 1377 1500 1421 morabitur
1543 1391 1838 1434 quemquam,
1866 1378 1987 1434 quod
2015 1377 2177 1420 addam
2206 1378 2306 1435 quia
2335 1379 2548 1422 omissum
2580 1377 2728 1430 video,

260 1463 541 1508 Scholiastes
577 1461 705 1504 Ovid.
735 1461 870 1503 Ibidis
906 1475 948 1515 p.
976 1458 1062 1502 462
1099 1458 1169 1501 ed.
1202 1457 1370 1501 Merk.:
1411 1457 1703 1514 „palpebris
1722 1458 1944 1502 abscissis
1973 1468 2171 1502 mortuus
2202 1467 2269 1502 est
2312 1458 2571 1516 (Regulus)
2610 1458 2728 1515 quod

259 1548 400 1603 tangit
427 1543 684 1587 Horatius.“
742 1543 787 1584 Is
814 1548 963 1584 autem
992 1547 1181 1582 mortem
1211 1539 1352 1596 tangit
1380 1554 1471 1582 non
1498 1540 1652 1583 mortis
1680 1555 1838 1596 genuS.
1899 1539 2108 1583 Ceterum
2148 1539 2292 1583 hausit
2333 1554 2417 1583 sua
2455 1538 2727 1583 scholiastes

257 1634 306 1668 ut
333 1627 506 1668 videtur
532 1636 593 1667 ex
617 1622 780 1665 Orosio
803 1622 859 1674 4,
891 1621 969 1663 103
996 1620 1219 1672 „resectis
1249 1619 1478 1675 palpebris
1506 1619 1722 1675 illigatum
1749 1621 1794 1661 in
1822 1620 2029 1662 machina
2060 1620 2281 1675 vigilando
2314 1625 2625 1663 necaverunt“
2654 1621 2727 1662 ubi

257 1705 589 1749 animadvertes
621 1703 707 1744 duo
736 1714 942 1743 rumores
972 1699 1030 1742 de
1058 1697 1225 1755 Reguli
1254 1705 1397 1741 morte
1425 1699 1471 1740 in
1500 1712 1635 1741 unum
1665 1698 1888 1742 conflatos
1920 1714 2038 1743 esse.
2099 1701 2303 1757 Idemque
2334 1717 2379 1756 p.
2399 1701 2505 1743 465:
2536 1702 2726 1753 „Venus

255 1798 443 1829 uxorem
473 1784 571 1826 eius
599 1780 876 1836 (Diomedis)
902 1779 1119 1836 egialeam
1150 1778 1360 1834 pudicam
1395 1777 1502 1820 fecit
1535 1780 1840 1832 meretricem,
1878 1788 1927 1823 ut
1966 1782 2028 1822 ait
2071 1780 2328 1824 Horatius.“
2387 1781 2505 1822 Nihil
2554 1782 2611 1823 de
2655 1781 2725 1823 his

255 1864 376 1922 apud
405 1869 605 1906 nostrum
635 1868 816 1917 poetam
844 1867 891 1902 ut
919 1872 1081 1902 nomen
1110 1867 1371 1915 suspectum
1397 1858 1571 1902 habeas
1598 1873 1791 1903 necesse
1822 1861 1903 1912 sit,
1944 1861 2030 1903 nisi
2066 1860 2182 1902 forte
2214 1861 2479 1916 significavit
2518 1863 2635 1916 quod
2669 1863 2723 1901 de

254 1943 486 1988 Diomedis
519 1943 565 1985 in
598 1941 770 1983 Italiam
798 1940 1123 1996 immigratione
1161 1940 1268 1982 dixit
1296 1939 1350 1983 H.
1382 1940 1428 1983 S.
1462 1940 1512 1991 1,
1539 1939 1589 1991 5,
1619 1939 1698 1981 923
1753 1940 1852 1989 Qui
1893 1939 2053 1983 locus
2096 1954 2124 1981 a
2163 1939 2294 1982 sorti
2335 1939 2601 1983 Diomede
2641 1951 2723 1982 est

256 2024 517 2069 conditus
546 2021 692 2078 olim,
723 2034 857 2079 quam
885 2021 1025 2065 heros
1055 2020 1165 2065 fecit
1193 2022 1313 2079 quod
1342 2020 1479 2078 Argis
1509 2026 1696 2077 propter
1726 2020 1883 2072 uxoris
1912 2019 2228 2076 impudicitiam
2271 2020 2459 2076 amplius
2499 2035 2604 2063 esse
2639 2035 2721 2063 no-

253 2104 332 2148 luit
360 2117 401 2146 v.
433 2102 561 2146 Serv.
598 2101 658 2144 ad
689 2099 825 2156 Verg.
857 2099 975 2146 Aen.
1002 2099 1052 2151 8,
1078 2100 1120 2144 9.
1179 2099 1380 2158 Denique
1415 2099 1665 2157 Appuleius
1695 2099 1866 2143 Osanni
1895 2115 1938 2157 p.
1969 2101 2016 2143 7:
2061 2100 2183 2156 „Sed
2222 2108 2266 2144 et
2296 2100 2508 2144 Horatius
2539 2116 2621 2145 eos
2651 2103 2723 2160 qui

252 2183 387 2230 facile
415 2187 594 2226 vertunt
621 2180 889 2223 sententiam
917 2186 963 2223 et
988 2178 1265 2235 deprehendi
1292 2177 1425 2223 facile
1455 2186 1666 2236 possunt,
1695 2179 1884 2224 Proteos
1914 2185 2103 2234 vocat“,
2138 2181 2255 2238 quod
2282 2181 2472 2237 pertinet
2506 2182 2565 2223 ad
2598 2181 2649 2226 E.
2687 2182 2722 2234 l,

256 2266 290 2315 1,
318 2264 397 2307 903
426 2262 527 2312 Quo
559 2268 734 2304 teneam
764 2260 912 2303 voltus
940 2267 1181 2302 mutantem
1210 2260 1372 2302 Protea
1402 2260 1523 2302 nodo
1552 2267 1598 2302 et
1628 2260 1675 2303 S.
1697 2260 1739 2312 2,
1759 2259 1803 2313 3,
1819 2261 1896 2302 71:
1923 2261 2115 2318 Effugiet
2148 2270 2295 2303 tamen
2325 2261 2439 2303 haec
2469 2262 2721 2305 sceleratus

253 2344 431 2389 vincula
461 2343 673 2393 Proteus,
706 2340 762 2383 de
792 2340 951 2397 quibus
977 2338 1088 2382 locis
1119 2338 1331 2383 conferre
1359 2339 1528 2383 iuvabit
1559 2339 1791 2384 Heinsium
1823 2342 1883 2383 ad
1912 2341 1999 2386 Ov.
2030 2341 2084 2384 A.
2108 2341 2161 2384 A.
2199 2341 2235 2392 I,
2264 2339 2363 2385 761.
2424 2340 2719 2397 Ambiguus

253 2433 411 2470 vates
446 2424 550 2468 inde
587 2421 662 2466 Sil.
691 2422 742 2473 7,
778 2420 875 2463 436.
934 2419 1102 2463 Verum
1132 2419 1356 2464 sufficiant
1397 2419 1603 2477 exempla
1646 2421 1764 2465 haec
1807 2436 1832 2465 e
1865 2422 2177 2465 Grammaticis
2209 2422 2498 2478 deprompta,
2537 2436 2720 2479 quarum

251 2519 485 2558 numerus,
514 2503 598 2546 etsi
619 2502 751 2544 multo
780 2502 926 2542 larius
932 2500 1162 2565 Vergilio
1176 2514 1204 2543 a
1228 2501 1471 2562 plerisque
1488 2502 1654 2566 citatur
1667 2500 1902 2552 Horatius,
1931 2501 2064 2544 facile
2093 2501 2247 2556 augeri
2274 2508 2477 2557 poterat:
2507 2510 2720 2558 quotquot

252 2587 367 2630 enim
393 2556 706 2645 grammaticos
739 2581 882 2624 evolvi
914 2588 958 2623 et
986 2582 1185 2638 inspexi,
1229 2574 1349 2623 nulla
1388 2583 1621 2638 quaerenti
1643 2562 1763 2623 mihi
1804 2584 2058 2639 scripturae
2104 2582 2409 2637 discrepantia
2446 2582 2596 2624 oblata
2636 2591 2717 2632 est,

250 2677 366 2723 quae
396 2664 698 2721 suspicionem
730 2664 784 2704 de
815 2669 938 2703 tanta
967 2670 1123 2719 strage
1152 2663 1288 2703 textui
1312 2662 1434 2704 illata
1461 2670 1670 2719 quantam
1700 2663 1870 2705 factam
1895 2677 2000 2705 esse
2014 2664 2241 2719 persuasit
2269 2664 2355 2704 sibi
2373 2664 2711 2718 Peerlkampus,

248 2744 428 2788 firmare
457 2742 545 2787 ullo
578 2743 710 2787 modo
742 2749 910 2800 posset.
968 2743 1100 2793 Quod
1129 2750 1296 2785 tantum
1327 2744 1458 2784 abest
1486 2750 1534 2783 ut
1560 2755 1620 2784 ne
1648 2743 1838 2800 duplicis
1868 2745 2041 2801 quidem
2061 2745 2307 2784 carminum
2324 2745 2556 2793 editionis,
2588 2757 2716 2799 quam

247 2824 533 2871 verisimilem
569 2836 675 2868 esse
704 2824 819 2867 idem
849 2822 1059 2867 iudicavit
1088 2837 1131 2881 p.
1153 2822 1280 2876 XIV,
1311 2830 1574 2881 argumenta
1601 2823 1707 2865 inde
1735 2831 1893 2880 petere
1924 2823 2077 2874 liceat,
2116 2837 2232 2880 quae
2263 2826 2442 2867 omnino
2466 2825 2582 2867 nulla
2614 2834 2718 2867 sunt

250 2910 356 2962 (nec
386 2902 977 2962 Peerlkampusquicquam
1007 2902 1180 2961 attulit)
1210 2905 1248 2947 si
1278 2903 1512 2961 vestigium
1544 2903 1748 2961 quamvis
1777 2911 1908 2948 tenue
1939 2905 2177 2962 exceperis
2215 2907 2336 2963 quod
2372 2907 2416 2949 in
2447 2907 2634 2964 prologo
2668 2908 2717 2950 S.

249 2987 296 3040 1,
329 2985 382 3029 10
421 2984 575 3029 inesse
613 2983 757 3029 videri
786 2990 963 3043 potest,
996 2996 1286 3042 quem-nemo
1314 2996 1432 3028 nunc
1461 2984 1517 3028 ab
1547 2982 1733 3029 Horatio
1763 2984 2045 3030 abiudicabit.
2103 2983 2239 3029 Certe
2261 2985 2466 3030 Naekius
2492 2988 2535 3029 in
2559 2986 2713 3036 Valer.

247 3068 345 3113 Cat.
375 3082 419 3123 p.
446 3064 530 3108 270
560 3080 626 3122 sq.
656 3065 742 3109 hos
769 3079 930 3110 versus
953 3065 1124 3121 primae
1153 3064 1297 3109 fuisse
1327 3065 1532 3109 editionis
1559 3064 1827 3110 Sermonum
1854 3065 2132 3122 suspicatur3
2177 3067 2336 3111 iterum
2368 3082 2497 3125 quum
2528 3068 2716 3113 ederen-

245 3158 338 3201 tur,
368 3153 584 3191 mortuum
616 3145 711 3188 iam·
731 3144 872 3190 fuisse
903 3145 1119 3190 Catonem
1147 3146 1385 3190 admodum
1413 3158 1579 3190 senem.
1639 3145 1799 3203 Aeque
1829 3152 1974 3189 autem
2015 3158 2136 3190 vana
2172 3153 2244 3191 est
2284 3147 2480 3204 suspicio
2514 3149 2716 3193 carmina

386 3323 433 3367 ⁴²)
481 3320 622 3366 Scripsi
647 3324 763 3354 artem
787 3318 972 3355 Prisciani
997 3320 1159 3356 doctoris
1183 3320 1257 3355 mei
1284 3331 1396 3356 manu
1429 3331 1513 3355 mea
1543 3319 1579 3355 in
1613 3320 1707 3355 urbe
1726 3319 1847 3355 Roma
1861 3310 2210 3366 Constantinopoli?
2235 3320 2296 3354 die
2330 3320 2384 3354 ΠΙ
2428 3320 2481 3354 lu'
2523 3320 2715 3357 Ianuaria·

244 3381 429 3416 Mavortio
455 3380 538 3415 viro
562 3379 723 3414 Consule
749 3378 946 3413 indictione
971 3378 1113 3423 quintu.
