3008 3764
94 1124 270 1170 Epitome

105 1172 247 1206 Uindo-

95 1218 269 1254 nomed.

1338 139 1723 209 -8'8-

281 317 437 361 ‘ouda
463 320 581 361 saud
602 302 721 365 vei
720 307 973 376 quicquum
988 315 1170 375 proficit
1195 317 1353 361 {neubi
1391 315 1448 365 Q.
1468 316 1554 373 Ep.
1586 332 1633 374 p.
1670 316 1728 360 2⁷
1763 318 2004 376 disputatio
2039 315 2221 361 mirifice
2254 315 2467 375 frigida
2497 323 2613 361 eum
2633 329 2779 375 paee

289 395 617 456 coniungenfic.
688 394 770 441 Sil.
799 395 845 452 8,
875 396 980 440 121·
1008 409 1244 455 namque
1281 408 1461 452 asper
1494 408 1693 439 somno
1722 397 1883 442 dirus
1927 422 1981 428 -—
2022 397 2236 441 horror.

454 467 479 507 ·Ῠ
512 490 557 519 v.
585 471 668 519 33·
859 474 899 521 Ο
929 476 1136 535 Priape
1178 483 1392 534 potens
1432 475 1615 518 amice
1655 475 1827 519 salve

853 568 958 599 seu
995 555 1161 614 cupis
1206 553 1440 614 genitor
1488 554 1694 598 voeuri
1739 561 1793 599 et
1835 563 2044 601 auctor

855 634 1023 681 Orbis
1060 642 1159 681 aut
1193 634 1397 695 physis
1440 633 1575 692 ipsa
1618 634 1853 693 Panque
1896 635 2068 680 salve

287 720 584 771 potentem
631 715 868 760 amicum
904 713 961 760 H.
997 714 1049 761 C.
1084 715 1139 771 2,
1167 714 1248 771 18,
1285 712 1359 761 12.
1430 712 2145 773 Cupis-vocari-auctor
2187 718 2432 761 admonent
2468 718 2517 761 C.
2557 717 2606 770 1,
2640 717 2691 772 2,
2723 718 2777 758 41

289 793 531 852 patiens
575 784 991 841 vocari-ultor.

518 891 563 920 v.
598 877 656 920 40
1019 901 1074 908 -
1112 882 1287 934 utque
1331 875 1505 919 sedes

857 956 1088 1000 lucidas
1126 956 1372 1014 cupidus
1417 969 1553 999 suas
1594 953 1871 1013 relinquit

290 1034 347 1078 H.
385 1035 437 1079 C.
473 1036 530 1089 3,
564 1036 620 1089 3,
650 1035 708 1079 33
741 1035 898 1080 illum
941 1050 1049 1094 ego
1088 1034 1320 1080 lucidas
1359 1028 1367 1085 Ι
1405 1035 1556 1079 lnire
1598 1035 1788 1080 sedes.

518 1115 705 1157 Auctori
745 1115 878 1160 huius
915 1117 1166 1173 poematis,
1210 1116 1412 1172 quisquis
1457 1114 1563 1168 fuit,
1608 1130 1740 1172 quem
1781 1115 1934 1159 ultimo
1980 1115 2085 1159 loco
2122 1117 2383 1173 posuimus,
2428 1115 2531 1172 quia
2564 1115 2609 1158 iu
2642 1103 2779 1173 louge

292 1192 496 1252 plun‘mis
534 1194 766 1249 Ovidium,
799 1195 846 1238 in
875 1196 1112 1254 permultis
1146 1195 1395 1255 Vergilium
1429 1203 1652 1253 sequutus
1689 1203 1784 1248 est,
1823 1209 1882 1238 ex
1915 1194 2103 1239 Horatio
2142 1195 2304 1241 saltem
2347 1196 2375 1239 ii
2416 1194 2506 1240 loci
2549 1195 2780 1239 obversati

294 1287 403 1319 esse
445 1273 676 1328 videntur,
720 1274 765 1319 iu
814 1274 978 1334 quibus
1020 1275 1095 1321 hic
1128 1289 1207 1322 res
1251 1275 1475 1321 Troianas
1515 1275 1657 1335 tangit
1698 1289 1742 1319 v.
1783 1274 1892 1319 wzz
1960 1273 2210 1333 Dumque
2270 1275 2408 1320 furit
2453 1275 2780 1333 sternitque
2864 1263 2886 1320 ’-

293 1354 457 1399 viros
492 1355 609 1398 bene
646 1354 938 1401 wernsdorf.
974 1358 1220 1408 observat}
1254 1355 1395 1400 furit
1432 1356 1562 1413 quasi
1591 1355 1824 1414 proprium
1860 1354 1917 1399 de
1944 1355 2164 1400 Diomede
2201 1356 2411 1414 usurpari
2449 1358 2506 1400 ab
2540 1355 2696 1399 Horat.
2725 1355 2780 1398 C.

297 1435 348 1489 1,
377 1433 456 1489 15,
489 1434 545 1478 27
590 1434 746 1480 Ecce
793 1433 939 1480 furit
983 1460 1054 1468 —
1096 1435 1379 1496 Tydides,
1417 1435 1627 1493 idemque
1670 1449 1715 1479 v.
1745 1434 1831 1480 534
1871 1435 2085 1493 Aegide
2130 1444 2263 1479 zze-nte
2309 1436 2553 1494 legendum
2599 1435 2777 1480 coniicit

293 1514 439 1560 fretus
474 1514 604 1561 simul
634 1515 689 1559 H.
724 1515 774 1560 C.
814 1517 864 1571 1,
900 1517 980 1571 15,
1012 1517 1090 1561 11:
1161 1516 1360 1561 Pallas
1407 1524 1462 1560 et
1500 1516 1706 1575 aegida
1749 1541 1803 1548 -—
1842 1523 2024 1575 parat.
2073 1540 2078 1544 ·
