3008 3764
263 1136 344 1222 P
347 1180 632 1236 eerlkampus
662 1180 747 1223 etsi
777 1180 907 1222 docte
939 1193 995 1222 ac
1025 1180 1245 1223 subtiliter
1273 1180 1329 1222 de
1357 1178 1544 1223 historia
1573 1191 1705 1236 quam
1728 1178 1881 1221 dicunt
1898 1184 2047 1221 textus
2066 1178 2305 1221 carminum
2319 1177 2492 1221 Horatii
2520 1177 2564 1220 in
2592 1189 2728 1233 prae-

263 1262 431 1306 fatione
462 1260 667 1304 editionis
697 1274 809 1304 suae
839 1260 1070 1314 disseruit,
1100 1267 1265 1312 tamen,
1296 1275 1429 1318 quum
1459 1273 1542 1303 sua
1570 1260 1616 1303 in
1640 1273 1692 1302 re
1721 1258 1879 1302 iudicis
1908 1257 2038 1315 quasi
2066 1256 2193 1300 simul
2222 1264 2266 1300 et
2294 1258 2360 1301 rei
2384 1271 2571 1302 causam
2588 1271 2727 1315 agere

265 1348 527 1400 cogeretur,
568 1341 733 1398 quippe
769 1342 840 1384 cui
883 1355 1052 1385 causae
1087 1349 1243 1385 essent
1278 1350 1366 1385 tam
1402 1341 1607 1385 immanis
1650 1338 2007 1396 interpolationis
2046 1338 2338 1394 aperiendae,
2375 1346 2590 1397 quantam
2626 1340 2727 1396 ipse

264 1422 439 1466 statuit:
480 1420 612 1464 facile
648 1421 746 1465 fieri
783 1422 948 1480 potuit,
986 1429 1033 1466 ut
1061 1422 1282 1465 interdum
1315 1422 1518 1480 cupidius
1551 1433 1684 1480 quam
1723 1421 1875 1464 verius
1912 1418 2113 1461 iudicare
2141 1420 2367 1462 videretur
2395 1421 2465 1463 vir
2495 1421 2728 1477 ceteroqui

263 1502 561 1546 acutissimus.
619 1503 719 1550 Qua
744 1502 799 1546 de
825 1516 876 1545 re
908 1502 1011 1559 quid
1040 1502 1170 1546 nobis
1200 1503 1479 1546 sentiendum
1507 1502 1738 1553 videatur,
1769 1501 1927 1558 paucis
1951 1501 2038 1544 iam
2070 1513 2297 1557 exponere
2325 1499 2442 1544 libet.

484 1629 675 1673 Primum
710 1630 829 1687 quod
859 1631 982 1687 ponit
1005 1629 1353 1688 Peerlkampus,
1383 1629 1615 1674 Horatium
1645 1629 1690 1672 in
1720 1627 1890 1672 scholis
1920 1641 2065 1686 aeque
2096 1627 2275 1669 assidue
2312 1634 2446 1684 atque
2478 1626 2725 1684 Vergilium

261 1710 424 1753 lectum
452 1724 578 1762 esse,
609 1723 873 1767 quamquam
904 1712 1001 1766 ipse
1029 1717 1213 1767 praeter
1240 1718 1392 1754 notum
1418 1708 1640 1754 Iuvenalis
1667 1708 1815 1753 locum
1845 1709 1893 1765 7,
1922 1709 2006 1751 225
2033 1707 2197 1751 nullum
2225 1708 2319 1750 eius
2347 1709 2415 1750 rei
2443 1707 2575 1750 affert
2605 1710 2724 1751 testi-

260 1791 473 1843 monium,
501 1804 604 1834 nam
629 1791 879 1834 Parisinum
910 1791 1119 1856 scholion
1143 1798 1225 1845 „et
1253 1798 1486 1848 postremo
1516 1790 1694 1834 Probus
1725 1790 1800 1847 qui
1828 1788 1930 1832 illas
1961 1788 2135 1844 (notas)
2165 1789 2207 1829 in
2238 1788 2434 1845 Vergilio
2467 1796 2511 1831 et
2536 1789 2724 1833 Horatio

262 1880 305 1914 et
328 1870 542 1913 Lucretio
568 1871 778 1928 apposuit
808 1879 856 1913 ut
888 1853 1086 1915 Homero
1118 1870 1449 1914 Aristarchus“
1487 1872 1683 1915 nondum
1720 1871 1885 1915 editum
1926 1876 2023 1913 erat
2063 1883 2194 1926 quum
2236 1867 2562 1924 praefationem
2597 1883 2725 1913 suam

262 1951 511 1994 scribebat:
541 1951 602 1993 ita
633 1951 806 1993 demum
835 1964 989 1993 verum
1021 1964 1124 1994 esse
1157 1937 1491 2003 concesserim,
1521 1959 1570 1995 ut
1604 1967 1695 1995 non
1726 1952 2131 2012 eandempprorsus
2161 1950 2388 2007 utriusque
2419 1958 2585 2006 poetae
2617 1965 2725 1995 con·

263 2032 481 2075 dicionem
511 2038 554 2074 et
585 2032 893 2075 auctoritatem
923 2031 1065 2076 fuisse
1094 2046 1318 2078 censeam.
1360 2033 1432 2101 Ut·
1449 2033 1564 2075 enim
1593 2033 1813 2086 omittam,
1846 2015 2203 2096 epicumvpoesis
2232 2045 2373 2087 genus
2403 2031 2447 2073 in
2467 2031 2726 2075 universum

261 2112 381 2168 apud
410 2111 641 2154 Romanos
673 2112 941 2154 dominatum
971 2126 1100 2164 esse,
1149 2112 1193 2154 id
1231 2113 1351 2170 quod
1380 2113 1562 2157 uberius
1590 2115 1786 2170 probare
1814 2128 1906 2157 non
1937 2129 2051 2171 opus
2082 2095 2172 2169 est,
2207 2120 2251 2155 et
2277 2111 2353 2155 vel
2381 2111 2501 2154 hanc
2530 2114 2587 2155 ob
2620 2126 2725 2155 cau·

261 2206 356 2236 sam
386 2192 573 2251 Vergilii
601 2190 838 2235 lectionem
867 2193 1138 2236 crebriorem
1165 2192 1308 2236 fuisse
1345 2206 1477 2250 quam
1508 2194 1705 2247 Horatii,
1738 2208 1825 2252 qua
1856 2195 1911 2237 de
1941 2209 1992 2237 re
2025 2193 2309 2237 Grammatici
2338 2191 2475 2248 multo
2506 2190 2637 2248 plura
2667 2206 2726 2236 ex

258 2273 331 2316 illo
364 2286 494 2330 quam
523 2285 579 2314 ex
607 2270 694 2313 hoc
723 2271 989 2314 hauserunt:
1020 2272 1107 2314 alia
1137 2280 1239 2314 sunt
1270 2286 1386 2329 quae
1415 2274 1747 2318 consideranda
1778 2289 1883 2318 esse
1915 2275 2160 2318 videantur.
2218 2273 2431 2316 Nimirum
2463 2271 2651 2316 Horatio
2682 2282 2726 2317 et

259 2352 457 2410 Vergilio
485 2353 602 2394 idem
631 2352 853 2395 accidisse
884 2353 1058 2395 videtur
1088 2360 1192 2408 post
1221 2354 1355 2396 vitam
1400 2354 1518 2410 quod
1556 2355 1658 2397 dum
1681 2356 1727 2398 in
1762 2356 1878 2399 vivis
1917 2363 2055 2399 erant.
2122 2353 2206 2397 Hic
2247 2353 2363 2397 enim
2394 2351 2574 2397 Donato
2608 2361 2723 2397 teste

260 2433 512 2490 aequalium
541 2440 771 2488 poetarum
799 2431 897 2475 fere
927 2433 1144 2488 omnium,
1180 2434 1382 2491 exceptis
1414 2435 1629 2478 duntaxat
1658 2435 1861 2489 MaeviO,
1908 2436 2086 2493 opinor,
2125 2441 2168 2477 et
2203 2432 2344 2475 Bavio
2383 2438 2429 2475 et
2465 2431 2723 2487 Cornificio,

258 2515 455 2565 amicus,
485 2513 696 2555 universo
725 2521 872 2555 autem
900 2513 1066 2569 populo
1095 2521 1185 2556 tam
1208 2521 1449 2570 acceptus,
1484 2514 1524 2558 is
1553 2522 1601 2558 ut
1629 2515 1837 2559 versibus
1868 2514 1963 2558 eius
1994 2513 2152 2558 auditis
2181 2512 2224 2555 in
2264 2510 2443 2555 theatro
2477 2513 2724 2556 surrexerit

257 2602 634 2650 praesentemque
663 2601 706 2635 et
735 2601 1011 2649 spectantem
1042 2602 1221 2649 poetam
1249 2603 1493 2639 veneratus
1522 2595 1581 2638 sit
1610 2596 1740 2651 quasi
1767 2594 2017 2651 Augustum
2045 2593 2169 2648 (Tac.
2202 2592 2305 2636 dial.
2341 2591 2441 2649 13):
2468 2592 2542 2636 ille
2574 2593 2722 2637 Plato·
2745 2590 2749 2613 ‘²

257 2688 359 2717 nem
393 2682 437 2717 et
480 2674 790 2717 Maecenatem
833 2689 962 2717 suum
1003 2682 1219 2731 sequutus
1248 2689 1494 2731 paucorum
1525 2683 1624 2718 erat
1653 2675 1903 2728 hominum,
1947 2675 2204 2732 pauciorum
2240 2680 2497 2730 poetarum,
2541 2686 2628 2731 quo
2666 2686 2722 2716 ex

256 2768 443 2797 numero
471 2769 560 2798 non
591 2755 735 2798 solum
764 2755 948 2798 eosdem
977 2769 1091 2812 quos
1121 2754 1344 2811 Vergilius
1371 2755 1627 2800 fastidiebat
1657 2771 1812 2800 verum
1844 2757 1973 2810 etiam
2013 2755 2085 2813 qui
2117 2753 2177 2798 nil
2215 2754 2302 2797 nisi
2334 2752 2522 2798 Calvum
2560 2761 2605 2796 et
2636 2753 2722 2797 Ca·
2747 2749 2749 2758 ’

257 2833 410 2876 tullum
436 2843 621 2878 cantare
653 2836 771 2878 docti
799 2843 927 2878 erant
963 2842 1007 2877 et
1043 2836 1116 2893 qui
1146 2836 1413 2878 Pindaricos
1453 2851 1543 2879 non
1584 2837 1897 2893 expalluerunt
1933 2836 2121 2879 haustus
2152 2834 2504 2892 Callimachique
2532 2835 2723 2877 Romani

256 2927 419 2958 nomen
449 2922 715 2971 appetentes
744 2916 787 2958 in
815 2914 1223 2959 Alexandrinorum
1251 2925 1484 2972 poetarum
1520 2930 1678 2961 nemus
1719 2919 1785 2961 ire
1824 2917 2062 2974 cupiebant
2098 2915 2490 2973 Euphorionisque
2533 2915 2721 2972 denique

257 3001 482 3040 cantores.
540 2995 750 3054 Idemque
778 3011 864 3040 nec
893 2995 1039 3062 plebis
1067 2998 1284 3041 ventosae
1313 2997 1527 3057 suffragia
1555 3007 1746 3056 captans
1784 3007 1828 3042 et
1855 3011 2070 3042 summam
2102 2998 2276 3040 ducens
2305 2996 2482 3040 laudem
2515 2997 2722 3053 principi-

256 3078 342 3120 bus
367 3074 595 3133 placuisse
625 3077 731 3120 viris
763 3085 807 3120 et
837 3077 1072 3135 malignum
1099 3092 1318 3134 spernere
1347 3078 1527 3137 vulgus,
1560 3093 1823 3137 quamquam
1864 3080 2020 3121 merito
2054 3077 2281 3121 fidicinem
2320 3078 2447 3135 lyrae
2486 3078 2722 3122 Romanae

259 3156 407 3215 digitis
433 3156 671 3200 monstrari
700 3159 1077 3213 praetereuntium
1101 3158 1397 3216 gloriabatur,
1428 3167 1575 3203 tamen
1606 3159 1844 3217 plebecula
1872 3173 1970 3202 cum
1997 3159 2147 3202 cicere
2171 3174 2255 3202 suo
2284 3158 2389 3201 nihil
2413 3157 2616 3213 sapiente
2645 3173 2722 3201 va-

256 3238 352 3281 lere
381 3238 508 3281 iussa
537 3236 727 3293 equitem
756 3238 841 3281 sibi
869 3238 1084 3295 plaudere
1114 3254 1215 3283 cum
1244 3239 1502 3284 Arbuscula
1541 3241 1654 3284 satis
1688 3239 1854 3283 habuit.
1920 3238 2126 3282 Candida
2167 3248 2315 3282 autem
2353 3236 2535 3293 Vergilii
2576 3239 2722 3282 anima

256 3325 302 3360 ut
331 3318 434 3374 ipsa
468 3317 610 3374 magis
641 3317 697 3359 ad
737 3331 788 3360 se
826 3317 1033 3362 trahebat
1072 3319 1297 3364 hominum
1330 3320 1507 3372 studia,
1544 3333 1675 3378 quam
1708 3320 1828 3363 acris
1873 3326 1917 3361 et
1957 3320 2096 3362 irasci
2133 3319 2253 3363 celer
2292 3331 2419 3361 mens
2447 3317 2626 3369 Flacci,
2661 3320 2722 3359 ita

255 3405 543 3455 argumenta,
577 3411 693 3455 quae
722 3399 948 3442 tractabat
975 3398 1248 3443 Mantuanus
1276 3407 1423 3452 vates,
1453 3400 1690 3443 admodum
1717 3399 1903 3458 placere
1933 3398 2227 3457 popularibus
2258 3399 2353 3443 suis
2382 3412 2577 3442 necesse
2607 3405 2720 3442 erat.

2195 3491 2216 3532 l
